2724 4726
750 455 814 498 vul

247 631 418 708 ducerent,
446 651 541 716 quam
571 655 616 698 ex
646 634 803 701 Codicum
831 633 915 702 Mss·
940 637 1085 703 subsidi-c
1116 652 1170 702 aut
1187 660 1231 702 ex
1256 638 1314 699 ed-

245 747 359 810 curritis
387 745 640 834 impressiontnn
666 759 960 820 vetustissimarum
990 759 1198 821 testimoniis.
1252 753 1317 815 Est

243 862 392 944 prolecto
412 865 556 952 aliquid,
578 869 660 934 illud
683 873 846 952 divinum,
867 875 951 956 quod
973 876 1142 957 ingenium
1160 875 1318 948 dicimus,

242 980 301 1040 sed
325 979 417 1048 nulla
438 990 622 1071 excogitari
641 1001 751 1070 potest
774 985 824 1048 via
845 985 1013 1065 lubricior,
1036 989 1127 1050 nulla
1144 990 1320 1050 temerita-

242 1097 285 1160 tis
307 1099 484 1185 opprobrio
506 1103 689 1185 errorisque
712 1099 846 1187 superbi
866 1099 1012 1186 periculo
1028 1105 1133 1186 magis
1149 1103 1323 1178 obnoxia,

243 1235 339 1298 quom
365 1215 463 1295 baec,
482 1240 552 1302 qua
571 1239 616 1281 ex
637 1219 772 1302 ingenio
795 1211 1007 1297 scriptoribus
1026 1213 1167 1276 salutem
1191 1239 1325 1280 sumus

241 1333 436 1394 coniecturis
462 1335 607 1414 paraturi
631 1336 833 1418 nitoremque
855 1341 999 1394 veterem
1021 1329 1243 1409 consiliaturi,
1270 1355 1324 1395 ea

242 1446 331 1526 ipsa,
356 1463 418 1526 quo
445 1447 596 1528 sagacior
623 1459 656 1510 et
682 1449 902 1536 perspicacior
928 1447 986 1512 ille
1016 1445 1205 1526 Beothius,
1246 1447 1322 1512 Vir

242 1561 403 1640 eximius,
431 1571 559 1628 tuntum
588 1563 742 1650 delapsus
769 1579 803 1628 et
831 1564 871 1628 ab
902 1565 1085 1649 elegantiae
1109 1562 1321 1649 subtilisque

239 1675 351 1736 iudicii
371 1697 484 1744 norma
503 1681 684 1746 declinatus
703 1695 774 1763 est,
801 1695 837 1745 ut
850 1693 918 1745 arte
941 1701 1010 1756 sua,
1028 1701 1124 1764 quam
1140 1681 1320 1745 audaciori

240 1793 401 1859 industria
418 1801 548 1884 quidem
570 1787 721 1874 sed'rara
740 1803 857 1866 virtute
882 1811 916 1862 et
936 1799 1102 1883 exquisita
1123 1799 1317 1862 eruditione

242 1923 307 1975 tam
337 1915 392 1979 diu
422 1917 613 1982 felicissime
644 1921 684 1980 in
707 1914 874 1980 veteribus
906 1915 1120 2000 scriptoribus
1146 1917 1315 1998 pristinae

239 2028 392 2111 dignitati
411 2034 622 2097 restituendis
643 2043 848 2110 exercuerat,
868 2035 903 2094 in
924 2029 1077 2101 rililtonis
1094 2033 1250 2116 paradiso
1266 2036 1314 2096 ri-

239 2141 346 2206 dicule
380 2141 519 2214 abutens
551 2149 684 2235 genium
713 2171 807 2212 suurn
836 2149 1017 2234 perdidisse
1048 2148 1208 2212 videatur.
1256 2150 1309 2214 Ab

240 2263 402 2328 eiusmodi
421 2267 609 2330 discrimine
631 2267 713 2331 nihil
735 2269 768 2331 in
792 2267 1003 2331 emendandis
1025 2268 1143 2349 priscis
1168 2269 1313 2354 scripto·
1343 2293 1344 2296 ¹

239 2379 331 2442 ribus
352 2394 421 2460 cst,
442 2381 527 2465 quod
547 2375 711 2447 efficacius
730 2381 836 2460 possit
856 2400 993 2442 avocare
1014 2379 1180 2446 iudicandi
1200 2386 1309 2450 soler.

240 2501 342 2580 tiam,
365 2495 448 2560 nihil
469 2493 554 2580 quod
579 2493 696 2555 melius
722 2506 902 2578 temperare
926 2516 998 2556 eam
1019 2501 1127 2579 possit
1149 2518 1207 2567 aut
1227 2506 1310 2569 diri-

240 2638 320 2702 gere
349 2627 447 2701 atque
474 2607 604 2674 firmare
635 2611 838 2695 grandesque
867 2635 960 2677 curas
990 2627 1023 2675 et
1045 2613 1178 2702 labores
1201 2617 1306 2703 plane

239 2733 409 2811 frustrari,
431 2733 495 2804 nisi
511 2749 613 2813 gnara
634 2743 667 2791 et
687 2727 844 2813 perpetua
864 2729 1004 2793 fontium
1028 2731 1150 2797 diversi
1171 2737 1246 2797 aevi
1271 2750 1307 2798 et

238 2848 337 2932 pretii
364 2843 543 2930 indagatio.
589 2847 744 2912 Attamen
772 2867 836 2907 non
859 2843 1018 2929 diffiteor,
1036 2847 1099 2913 hoc
1119 2848 1214 2934 paulo
1238 2849 1305 2914 ali-

239 2977 288 3028 ter
314 2984 349 3026 se
372 2962 492 3030 habere
513 2968 547 3036 in
569 2963 719 3053 plurimis
743 2962 955 3051 scriptoribus
976 2965 1306 3051 Graecis3-quand0-

239 3079 367 3168 quidem
387 3088 531 3148 rariores
553 3106 666 3152 eorum
680 3083 789 3146 sontes
809 3085 897 3168 iique
915 3081 1016 3168 vulgo
1034 3084 1168 3148 minoris
1184 3087 1305 3146 aetatis

237 3212 272 3262 et
292 3202 390 3284 pretii
411 3201 529 3263 fortius
552 3211 586 3260 et
604 3198 756 3261 blandius
776 3196 948 3285 pelliciunt
967 3201 1100 3283 ingenia
1122 3222 1302 3287 eorumque

238 3339 333 3403 opem
363 3329 396 3380 et
422 3319 509 3381 vires
538 3329 737 3404 provocant,
767 3328 809 3378 nt
825 3317 969 3382 maculas
991 3340 1009 3380 e
1029 3328 1177 3380 veterum
1205 3314 1302 3381 libris

237 3435 439 3498 coniicicndo
470 3435 583 3500 eluant
611 3435 779 3520 magisque
810 3435 976 3500 confidant
996 3433 1059 3500 sibi
1083 3453 1179 3520 quam
1203 3433 1303 3498 Codi-

239 3625 445 3649 Μ

192 3771 196 3776 ·
235 3764 276 3813 ter
293 3763 400 3826 iocarer,
426 3776 510 3828 neque
526 3766 555 3814 ut
571 3761 784 3826 homoeopothice
803 3760 876 3830 quasi
893 3760 998 3812 istorum
1018 3757 1115 3812 scabiei
1132 3759 1233 3812 mederi
1255 3777 1301 3814 eo-

235 3860 326 3910 nem,
342 3847 388 3898 sed
409 3855 437 3900 ut
451 3849 591 3914 pennultas
617 3863 684 3913 quoe
704 3847 821 3900 dicuutur
843 3843 1034 3898 emendationes
1054 3844 1120 3896 nihil
1137 3844 1188 3898 uisi
1207 3848 1300 3899 lectio-

235 3946 282 3981 nes
302 3930 449 3984 tolerabiles
473 3930 625 3997 legibusque
654 3931 826 3996 grammaticis
857 3929 1061 3983 eccommodatas
1088 3929 1298 3995 demonstrarem,
1339 3923 1340 3942 ¹

235 4009 395 4065 coniecturas
422 4013 519 4080 aliquot
541 4013 627 4065 multis
651 4013 714 4067 locis
738 4019 764 4066 et
780 4015 880 4080 modis,
903 4029 996 4082 nempe
1017 4013 1174 4080 argumentis
1190 4011 1298 4068 internis

237 4101 264 4149 et
280 4097 394 4152 externis
400 4136 407 4163 ‚
426 4097 542 4150 suffultas
561 4097 590 4149 iu
606 4098 719 4152 medium
737 4100 844 4166 protuli,
860 4103 889 4152 ut
908 4097 968 4154 has:

403 4183 540 4236 Mecaenas
557 4183 589 4234 od
610 4184 665 4237 avis
683 4183 751 4236 edite
769 4183 881 4249 regibus,

404 4268 481 4318 Omuc
499 4272 523 4320 ct
543 4267 700 4334 praesidium
718 4274 744 4322 et
757 4267 830 4321 dulce
848 4268 925 4321 decue
946 4284 1039 4322 meum.
1058 4276 1108 4325 etc.
