2724 4726
754 481 795 542 ³4
850 455 853 462 ’

336 681 498 757 Quidnam
519 675 640 761 igituri
671 713 709 722 -
751 673 918 738 Tenerom
939 689 971 738 et
994 671 1075 741 lax'a
1098 685 1226 747 cervice

499 827 503 833 ⁸
613 841 891 927 legendumi-:

338 1016 499 1100 „Torva
533 1009 833 1078 Mimalloneis
864 1009 1109 1095 implerunt
1137 1031 1231 1072 eor·

616 1201 696 1243 nuo
724 1179 908 1259 bombis,

334 1359 382 1422 Et
423 1361 592 1434 raptum
639 1349 777 1412 vitulo
825 1360 951 1432 caput
996 1343 1190 1409 ablaturo

626 1515 809 1601 superbo
1217 1509 1314 1598 [100]

249 1702 457 1722 ann—nm*

248 1812 347 1866 Heind.
368 1809 401 1861 ad
417 1807 480 1890 lior.
504 1823 530 1873 p·
549 1802 582 1856 bl
600 1819 638 1871 sq.
679 1803 765 1854 subere
779 1797 894 1854 tectum?
910 1799 946 1852 Y.
984 1805 1094 1850 coetum:
1122 1797 1152 1850 0.
1175 1790 1209 1848 D.
1232 1797 1264 1847 R.
1284 1795 1314 1846 K.

251 1949 283 2004 Q.
300 1954 404 1998 coctum.
424 1943 456 1994 0.
475 1941 507 1992 X.
528 1940 575 1991 rel.
597 1942 642 1990 aut
658 1945 752 1989 coetum
770 1943 814 1989 out
825 1934 939 1988 coelom?
1348 1949 1350 2010 t

318 2093 343 2132 v.
363 2078 422 2126 112.
453 2075 514 2135 Quis
532 2089 591 2124 nom
612 2075 688 2138 iyitnr
707 2080 860 2125 tenentmet
877 2070 907 2122 P.
927 2070 1051 2133 Qonlnom
1068 2070 1145 2135 ἐρίων
1163 2075 1277 2119 lenonem
1293 2074 1315 2118 et
1349 2099 1350 2106 .

250 2212 283 2264 C.
305 2210 340 2262 N.
362 2209 396 2264 D.
413 2208 445 2259 R.
469 2205 506 2261 Y.
529 2205 561 2266 F.
590 2203 622 2257 F.
642 2204 676 2257 H.
694 2202 727 2255 G.
745 2205 777 2256 O.
798 2221 823 2272 ρ.
857 2205 923 2267 Quid
939 2211 1000 2254 nom
1018 2204 1095 2268 ἱρέων
1113 2208 1226 2253 totorum
1242 2210 1268 2254 et
1288 2202 1314 2252 S.

249 2345 306 2396 Rel.
324 2342 443 2409 quidnam
460 2343 679 2406 teitorrenonm:
697 2347 721 2390 et
734 2337 771 2378 ‘—
802 2341 928 2403 Qnitlnnm
956 2335 1054 2405 initur?
1081 2341 1157 2389 extat*
1176 2335 1203 2388 in
1232 2337 1315 2389 Codd.

249 2473 330 2534 Paris.
348 2474 433 2538 neg-g.
445 2471 576 2525 vetustiss.
595 2489 621 2524 n.
639 2469 708 2525 6487
721 2477 746 2523 et
756 2473 833 2526 8272.
852 2470 965 2538 (glossat
982 2471 1145 2539 „laoientlom
1164 2469 1244 2524 estl“
1256 2473 1314 2524 vide

249 2606 366 2675 superius
382 2622 405 2658 t.
422 2605 466 2658 26.
484 2607 545 2675 quid
563 2602 696 2662 lucianii)
716 2613 742 2659 et
758 2623 783 2659 n.
800 2605 877 2661 8049.
895 2612 922 2659 et
937 2607 1079 2659 Bodleiano
1094 2605 1147 2658 illo.
1171 2634 1205 2645 -
1232 2609 1315 2672 loyen-

249 2739 328 2796 dom?
349 2740 382 2792 Y.
402 2739 446 2791 Sic
462 2744 524 2792 vett.
537 2738 621 2792 Codd.
640 2711 736 2798 omnes.
756 2741 818 2795 lnde
836 2760 852 2794 o
869 2759 936 2796 saeo.
952 2743 996 2794 Xl.
1015 2745 1099 2808 glossa
1113 2748 1181 2805 ‚,est,
1204 2744 1230 2804 ὃ,
1249 2739 1318 2805 -ζ-“

247 2876 334 2930 versui
355 2873 545 2932 adnectebatur.
567 2872 632 2938 (vid.
651 2872 716 2924 God.
734 2874 794 2926 Par.
812 2876 877 2940 Reg.
895 2893 920 2928 n.
939 2875 1036 2941 8055).
1069 2877 1204 2939 leonidem.
1228 2878 1263 2927 L.
1285 2881 1317 2932 tc·
1345 2825 1346 2828 ¹

171 3007 175 3021 ⁴
245 3008 353 3074 ynidttm
370 3000 427 3058 est?
444 3004 479 3058 N.
497 3003 528 3055 E.
548 3003 578 3056 F.
596 3005 623 3056 S.
643 3005 663 3056 l.
711 3007 838 3074 legencium
860 3017 897 3062 ost
919 3010 951 3060 A.
970 3009 1001 3060 C.
1019 3009 1052 3060 D.
1071 3007 1103 3058 G.
1124 3007 1156 3060 V.
1177 3007 1210 3059 R.
1229 3009 1264 3060 K.
1286 3013 1316 3061 0.

246 3139 285 3196 M.
303 3156 327 3208 ρ.
344 3139 378 3191 Η.
396 3150 426 3192 n.
442 3149 467 3191 Β.
484 3136 518 3190 Δ.
536 3157 560 3189 α.
581 3143 607 3206 β.
628 3157 652 3206 7.
669 3143 701 3196 Q.
716 3141 749 3194 X.
771 3143 804 3193 Τ.
842 3143 969 3208 legendum
988 3141 1019 3192 Ρ.
1034 3140 1068 3191 Β.

315 3290 340 3327 v.
359 3275 417 3326 113.
450 3273 607 3324 mintolonez's
631 3273 661 3324 P.
686 3274 717 3327 V.
740 3275 772 3325 B.
796 3276 843 3326 rel.
867 3277 971 3327 mimolt.
996 3276 1081 3326 Coreto
1105 3275 1139 3328 T·
1176 3277 1266 3327 Trono
1285 3277 1314 3327 Ε.

247 3407 343 3460 bomon
359 3406 392 3457 F.

315 3557 341 3593 v.
359 3535 418 3590 [tlt.
454 3540 488 3590 Et
511 3548 604 3591 sectum
628 3542 662 3594 D.
682 3544 715 3595 G.
734 3545 764 3595 R.
784 3545 814 3594 L.
831 3544 862 3594 E.
882 3544 915 3592 H.
935 3543 962 3593 S.
980 3542 1012 3592 ll.
1030 3542 1067 3594 M.
1087 3542 1153 3610 0.ρ
1182 3544 1216 3599 Q.
1229 3545 1264 3596 X.
1284 3545 1312 3595 Τ.

246 3688 277 3730 tt.
295 3681 320 3732 ξι
340 3673 374 3726 Δ.
391 3690 416 3725 α.
434 3675 461 3739 β.
479 3690 504 3738 7.
538 3675 687 3741 Eteoptom
706 3676 736 3727 P.
756 3677 790 3728 N.
810 3681 836 3730 et
853 3675 976 3728 rel.'vide
993 3676 1106 3728 Passow.
1125 3693 1151 3743 p.
1170 3677 1230 3730 327.
1261 3682 1313 3728 lta-

244 3819 315 3878 ptem
332 3827 401 3864 omn.
419 3805 473 3860 lere
494 3804 576 3858 Codd.
594 3805 647 3860 mei
664 3814 691 3860 et
708 3807 813 3860 Cornut.
846 3806 948 3875 (Fontii
965 3805 1042 3861 lectio
1060 3807 1159 3863 ineerta
1184 3812 1247 3880 ost),
1276 3815 1312 3863 Jo.

244 3941 375 4010 Britann,
391 3941 455 3995 Bao.
472 3939 530 3992 Aeo.
539 3977 548 4006 ‚
566 3943 599 3993 al.
615 3947 718 4009 praeter
740 3941 896 4008 Ferrarium,
916 3941 960 4009 qui
974 3947 1061 3994 tamen
1075 3941 1125 3993 hoo
1136 3957 1240 4009 quoque
1258 3945 1312 3995 loco

244 4073 384 4126 maximam
403 4079 503 4154 partem
533 4075 710 4146 explicationis
733 4075 876 4151 Britannici
899 4075 1001 4144 repetit.
1045 4074 1229 4139 Tantologiom
1256 4074 1313 4125 huic
1337 4133 1338 4156 ¹

246 4206 365 4270 exemplo
381 4205 493 4261 maxone
510 4226 648 4278 eongmam
667 4207 758 4265 tollere
777 4208 862 4264 eonati
877 4215 936 4263 sunt
953 4205 998 4262 olii
1015 4207 1189 4273 conigentes:
1217 4217 1312 4260 sectum

244 4332 304 4382 ¹¹³·
332 4339 361 4386 ot
377 4350 468 4390 centor
490 4341 518 4408 in
542 4345 642 4413 ephon.
662 4342 797 4408 Heidelo„
826 4343 946 4394 ollntoro.
985 4341 1038 4402 Sed
1057 4343 1207 4396 alterutrum
1226 4343 1313 4395 mittas
