2724 4726
588 399 629 459 25

156 599 250 664 Nunc
271 601 399 664 demum
426 621 559 664 numero
581 599 843 686 fluoresnt‘per
865 587 938 663 leve
954 622 1087 666 severos

156 769 313 834 Effundat
325 771 474 850 iunctura
491 791 631 854 ungues,
658 769 752 850 „Scit
766 770 898 832 tendere
912 789 1042 832 versum
1066 767 1141 856 [65]

157 937 232 1002 Non
253 959 358 1014 secus,
382 959 419 1010 ec
439 939 469 1000 si
488 935 584 1000 oculo
607 937 773 1002 rubricam
794 939 913 1022 diriget
930 957 1017 1000 uno:
1101 941 1143 999 80
1195 963 1203 974 ·

157 1101 236 1166 Sive
259 1121 341 1184 opus
360 1105 396 1164 in
412 1121 531 1181 mores,
554 1107 590 1168 in
612 1104 741 1184 luxum,
758 1105 792 1166 in
815 1102 952 1188 prandia
971 1123 1085 1188 rogum

157 1266 322 1332 Dicere-
333 1291 387 1334 ros
396 1271 539 1354 grandes
549 1271 556 1331 !
563 1305 604 1320 -
613 1284 726 1336 nostro
738 1271 1100 1356 dntMusapoetae.“-

73 1588 105 1640 V.
136 1587 167 1638 L.
193 1587 224 1639 E.
250 1587 284 1639 H.
307 1592 328 1641 1.
357 1589 389 1642 0.
412 1591 450 1643 Μ.
480 1593 512 1647 Q.
535 1587 640 1644 emmo?
665 1593 720 1658 quis
747 1594 811 1642 onim
838 1587 873 1640 Y.
895 1603 977 1641 sermo
996 1597 1047 1644 est:
1073 1609 1098 1643 α.
1116 1595 1143 1657 β.

42 1725 43 1728 ’
70 1724 130 1789 quis
148 1724 212 1773 mrim
228 1721 275 1774 R:
294 1721 323 1776 S.
342 1725 398 1790 quio
416 1726 481 1775 mim
498 1727 549 1776 nisi
565 1741 590 1792 ρ.
612 1725 644 1776 Χ.
664 1742 689 1775 o.
712 1725 737 1789 β.
756 1738 780 1788 y.
800 1721 835 1773 Δ.

108 1872 212 1908 rrmrrero
229 1855 330 1922 diacre
345 1858 379 1909 D.
397 1859 429 1921 R,
447 1859 481 1910 V.
499 1859 531 1911 K.
553 1867 584 1910 rr.
604 1858 639 1910 Δ.
660 1860 714 1909 loire
729 1873 781 1908 serr.
797 1855 829 1906 Δ.
847 1855 916 1905 locor
933 1853 967 1909 F.

117 1995 218 2060 Ungues
242 1997 287 2042 out
308 2005 409 2057 eumaeo.
437 1999 500 2044 mot:
542 1995 638 2058 Urmoer
667 1994 718 2044 coir
749 1949 781 2040 d.
819 2006 894 2056 onmes
917 1991 949 2046 Q.
986 1995 1083 2045 victuro
1108 1961 1144 2046 Y.

70 2127 139 2177 rond.
161 2139 257 2178 omnis.

39 2273 40 2280 ¹
142 2273 167 2312 v.
189 2255 231 2310 80.
248 2257 310 2308 Non
330 2273 402 2308 eones
424 2257 512 2308 ono.
532 2273 569 2307 oc.
589 2253 651 2322 (del.
671 2255 795 2323 ciconio
816 2257 851 2308 Y.
871 2263 971 2310 mores!
995 2261 1022 2310 io
1039 2259 1144 2309 locuni!

70 2396 104 2444 B.
128 2399 152 2443 ct
168 2393 281 2460 prrmdio
303 2391 337 2444 N.
359 2389 381 2442 C
406 2389 439 2442 G.
459 2389 491 2441 R.
517 2389 551 2442 Y.
579 2391 612 2443 K.
637 2391 675 2443 M.
703 2387 735 2443 E.
761 2391 795 2442 H.
822 2389 849 2442 S.
868 2391 900 2442 0.
917 2392 951 2448 Q·
968 2390 1004 2445 X.
1021 2389 1054 2442 T.
1074 2405 1098 2457 ρ.
1116 2407 1144 2442 o.

70 2528 103 2591 β,
121 2541 146 2588 y.
165 2531 195 2575 rr.
216 2533 244 2576 2.
268 2525 302 2578 Δ.
330 2529 357 2578 io
380 2527 472 2594 mand.
497 2525 527 2576 P.
550 2529 577 2576 et
599 2525 645 2575 rel.
665 2528 691 2576 et
708 2523 746 2576 sio
763 2523 874 2587 scribas,
906 2523 977 2574 nisus
994 2522 1147 2577 auctoritate

72 2659 203 2712 Prisciani
233 2678 259 2728 p.
297 2656 371 2711 1175.
403 2663 430 2710 et
452 2659 525 2710 mult.
549 2657 632 2710 Codd·
657 2654 745 2711 variae
768 2655 867 2707 acutis.
901 2653 1052 2720 Exaggerat
1078 2656 1146 2707 enim

74 2791 182 2858 propino
206 2793 279 2859 qnasi
293 2791 418 2844 accedens
442 2795 534 2856 poete,
559 2806 611 2842 non
635 2790 746 2856 explicat
775 2786 947 2855 potentiorum
967 2803 1051 2840 mores
1072 2787 1147 2854 (vide

76 2902 181 2988 epher-u.
199 2921 385 2988 Heidelbergg.
410 2925 440 2974 in
471 2929 579 2975 censura
603 2919 664 2974 edit.
690 2921 836 2975 Aclrointrii
862 2927 890 2976 et
913 2917 985 2976 Web.
1011 2923 1042 2976 ad
1061 2921 1087 2974 h.
1103 2922 1145 2988 1.),

74 3053 172 3106 deinde
190 3057 298 3122 utroque
315 3052 365 3106 hoc
381 3033 464 3107 veron
475 3055 508 3108 de
532 3053 611 3108 satira
630 3057 728 3107 tantum
751 3057 948 3124 loquitur-Non
970 3055 1097 3120 suffragor
1113 3055 1146 3108 iio

74 3187 275 3255 interpretibus,
312 3189 356 3259 qui
375 3189 488 3255 singulas
505 3205 582 3245 rocos
597 3205 645 3257 pro
661 3189 740 3244 varii·
760 3190 899 3243 carminum
918 3190 1055 3258 generibus
1078 3188 1148 3242 aoei-

74 3319 167 3387 pinnt,
198 3339 280 3374 mores
303 3337 351 3387 pro
375 3322 524 3388 comoedia,
547 3327 635 3378 mono
657 3339 705 3390 pro
732 3323 811 3376 sotira
838 3323 886 3388 (ita
912 3326 1018 3378 Cornut.
1036 3325 1147 3398 {Ferran

76 3450 186 3504 Marcil.
215 3451 290 3520 otc),
308 3457 421 3522 prandio
438 3471 485 3538 pro
506 3456 643 3522 tragoedia
657 3449 763 3524 propter
779 3456 900 3523 Thyestis
921 3471 951 3510 oc
971 3456 1050 3508 Terei
1069 3453 1149 3518 tragi-

74 3601 122 3638 cas
142 3587 239 3651 epulas.
265 3587 316 3640 vid.
344 3589 425 3642 Orcli.
444 3587 495 3654 (ita
512 3589 618 3646 Gonmt.
636 3589 739 3644 Femur.
759 3592 860 3646 Marcii.
880 3590 990 3645 Casaub.
1011 3585 1147 3655 Parnon).

76 3720 222 3773 Verborum
247 3720 451 3782 corriuuotionern
477 3722 650 3778 ordinaverim
672 3724 726 3776 ita:
750 3729 805 3778 Scit
825 3727 926 3780 tendere
944 3745 1042 3782 ocrmm
1054 3745 1069 3779 ’.
1088 3765 1096 3778 ·
1114 3761 1147 3781 ..

75 3871 147 3910 emo:
176 3855 249 3922 (vide
274 3854 400 3922 Cosano.)
421 3859 500 3910 Moero
524 3861 584 3925 ipro
608 3861 701 3912 scilieet
730 3863 776 3919 dur
797 3871 893 3918 inostro
910 3872 999 3932 poetae
1013 3821 1068 3916 *sive
1086 3879 1150 3931 opor

76 3989 95 4042 i.
124 4005 148 4044 e.
167 3985 277 4043 'carmon
303 3990 415 4058 grande;
435 4006 503 4044 uon:
528 4009 592 4060 opus
619 3993 673 4059 rit.)
700 3999 728 4048 io
752 4011 843 4060 nrorer,
864 3993 942 4064 (sive)
962 4001 990 4050 in
1006 4001 1102 4064 lrmrrm,
1123 3999 1150 4049 in

74 4123 192 4190 protadio
208 4138 295 4190 renum
314 4152 347 4162 —
372 4141 413 4178 res
427 4128 556 4192 yrondeot
572 4155 607 4169 -
625 4131 715 4181 dicere.
733 4129 765 4181 of.
782 4145 807 4184 v.
827 4131 868 4184 16.

109 4273 137 4316 v.
155 4255 200 4314 θλ
218 4272 261 4314 reo
276 4259 383 4328 orandis
401 4259 435 4316 0.
461 4261 556 4331 offerre
575 4265 692 4318 decenno
709 4260 741 4316 A.
762 4263 808 4318 rel.
829 4278 897 4319 omn.
916 4262 1011 4328 offerro
1030 4263 1149 4317 oidmroo.
