2724 4726
578 489 628 531 Ul

79 674 226 738 criminis
254 670 375 738 iniuria
407 669 633 734 transferrent.
683 668 836 755 Plerique
866 667 995 736 scilieet
1022 675 1149 760 ingenii

77 794 148 874 sui,
172 788 306 876 siquod
328 798 410 868 erat,
431 791 579 852 acumine
601 788 678 875 plus
695 811 799 872 aequo
822 790 901 853 freti
923 802 958 853 et
979 793 1146 876 exquisita

75 907 262 993 linguarum
291 907 479 990 cognitione
503 910 641 990 muniti,
663 885 873 976 calidissimis
895 907 976 974 adeo
999 909 1147 974 indulse-

74 1040 153 1096 runt
173 1023 425 1114 coniectu1·is*),
445 1036 483 1088 ut
503 1025 599 1114 plura
618 1027 694 1111 inde
717 1025 823 1107 bonae
846 1025 936 1122 frugi
958 1026 1145 1110 euhibenda

147 1293 171 1360 ¹⁸)
189 1295 257 1346 Dum
275 1293 302 1345 la
318 1291 412 1359 Anglia
424 1295 564 1362 versabar,
590 1293 706 1348 libellum
731 1313 781 1373 ego
805 1296 944 1366 conscripsi
966 1295 1042 1368 buius
1062 1301 1147 1356 tituli:

74 1380 210 1446 „epistola
236 1395 287 1435 non
311 1375 417 1444 critica,
444 1379 538 1446 scripta
563 1379 601 1444 ad
623 1379 726 1434 criticos
753 1388 781 1436 et
800 1381 1001 1450 bibliographos.
1010 1384 1028 1412 “
1063 1386 1144 1442 unius

74 1463 162 1530 aliqua
178 1479 237 1530 pars
254 1462 321 1530 typis
337 1462 390 1513 iam
409 1463 536 1532 exscripta
554 1462 657 1532 Lipsiae
676 1471 747 1532 erat,
778 1483 834 1518 cum
856 1464 1011 1536 bibliopola,
1029 1469 1075 1522 Vir
1094 1469 1143 1525 ho-

75 1546 250 1612 nestissimus,
268 1562 310 1598 me
327 1545 464 1600 certiorem
483 1549 609 1601 reddebat
632 1549 759 1618 Romam,
785 1548 923 1613 correctori
939 1549 1040 1602 cuidam
1058 1569 1144 1620 neque

75 1646 156 1682 noras
182 1630 346 1698 quaestiones
372 1647 477 1697 prorsus
506 1632 614 1700 (quippe
633 1632 718 1685 inerat
749 1635 857 1704 historia
886 1642 1004 1702 typorum
1029 1636 1145 1689 Barthol.

76 1715 274 1785 Guldiabeckii‚
301 1715 345 1784 qui
362 1715 459 1786 primus
476 1715 660 1788 Porphyrionis
685 1717 783 1782 scholia
806 1719 834 1772 in
849 1718 987 1776 Horatium
1008 1719 1146 1786 exauditi)
1183 1751 1187 1762 ·

78 1817 163 1867 neque
181 1800 294 1853 vividam
312 1815 466 1868 quamquam
484 1791 536 1852 non
552 1808 715 1868 arrogantem
729 1809 773 1856 aut
790 1820 924 1872 procacem
934 1803 1065 1857 iudicandi
1081 1805 1148 1858 acri-
1204 1784 1212 1804 ’

77 1882 191 1935 moniam
220 1883 332 1952 probari.
380 1883 524 1936 Consilium
553 1901 587 1938 ex
610 1903 653 1938 me
674 1888 736 1954 quid
758 1887 903 1939 iaciendum
930 1893 999 1940 esset
1022 1881 1149 1957 quaeren-

76 1969 109 2032 ti,
145 1968 222 2020 iacile
249 1985 307 2020 cum
331 1983 435 2022 sensum
457 1969 629 2036 intelligerem
654 1972 724 2024 docti
747 1971 817 2024 illius
842 1971 892 2024 viri
912 1970 941 2024 in
966 1988 1056 2037 gyrum
1073 1989 1147 2026 suum

76 2052 216 2122 compulsi,
234 2053 363 2122 respondi,
382 2053 507 2120 tantisper
523 2057 693 2109 coerciturum
710 2073 752 2114 me
770 2073 827 2128 esse
846 2063 872 2110 et
891 2063 1057 2129 retenturum,
1080 2060 1149 2126 quod

75 2137 127 2188 alic
149 2143 266 2204 tempore
292 2138 483 2212 opportuniori,
508 2139 532 2192 si
555 2139 654 2206 animus
676 2140 771 2194 iterum
797 2139 912 2214 tulisset,
930 2158 1033 2209 possem
1051 2142 1148 2209 depro-

77 2237 156 2290 mere.
189 2222 268 2274 Dolui
282 2219 369 2274 tamen
385 2221 567 2288 vehementer,
584 2224 657 2276 illum
674 2225 770 2289 virum,
797 2224 869 2276 cuius
893 2241 987 2277 nomeu
1005 2228 1086 2277 latere
1105 2241 1146 2277 rue

75 2311 168 2374 postea
186 2305 286 2371 debuit,
303 2307 351 2358 sub
372 2306 500 2368 scribendi
518 2308 649 2380 alacritate
666 2307 782 2380 seuerius
804 2308 935 2362 literarum
960 2309 1074 2381 'studium
1094 2325 1146 2376 nou

76 2389 138 2443 satis
156 2389 381 2464 animadvertisse,
399 2393 479 2464 quod,
500 2397 529 2444 nt
545 2392 644 2451 nraiora
668 2398 802 2462 capessat,
832 2392 931 2445 leviora
957 2397 985 2443 ut
1004 2391 1145 2446 editionum

76 2473 174 2527 saeculi
190 2475 250 2527 XV.
272 2490 412 2543 carumque
428 2481 547 2544 typorum
563 2475 737 2542 cognitionem
761 2476 867 2530 minime
889 2477 999 2545 respuit,
1027 2479 1146 2544 maleque

80 2575 138 2611 eum
156 2558 277 2616 habuisse
304 2560 417 2614 animum
434 2562 578 2627 rigentem,
608 2577 686 2628 quem
703 2561 936 2627 Manuscriptorum
959 2563 1027 2613 mole
1045 2568 1072 2628 et
1089 2563 1149 2628 pul-

77 2658 140 2695 uere
179 2643 368 2712 lecticnnmque
401 2644 531 2712 farragine
555 2645 629 2698 obrui
664 2649 691 2696 et
720 2644 827 2698 obtundi
854 2661 888 2698 ne
922 2649 1026 2712 paterer
1048 2645 1150 2711 pericu-

75 2731 130 2780 lum
156 2744 187 2798 ac
211 2727 330 2785 timorem
356 2729 433 2781 amici
463 2731 550 2797 plures
575 2727 748 2797 proficiscenti
768 2728 831 2781 mihi
854 2728 1068 2796 significaverant.
1117 2730 1146 2804 ln

78 2812 125 2864 illa
154 2813 263 2881 epistola
293 2821 380 2866 autem
409 2831 460 2866 non
484 2817 565 2866 solum
593 2830 659 2880 quac
683 2814 712 2864 ln
738 2813 921 2878 Francogallia
944 2817 971 2864 et
1001 2812 1095 2878 Anglia
1117 2816 1150 2866 ad

77 2904 229 2970 apparatum
256 2898 370 2970 rubeum
395 2897 496 2952 Horatii
518 2897 624 2966 eiusque
647 2902 762 2968 setarum
779 2901 1008 2971 commentatorum
1026 2896 1147 2968 facientia

75 2983 314 3050 deprehenderam,
334 2983 422 3036 notavi
442 2989 468 3036 ot
485 2982 669 3056 adnumerari,
683 2986 717 3038 ¹ut
735 2981 846 3034 Codices
863 2983 961 3046 Mssos,
987 2982 1020 3034 de
1038 2997 1146 3048 quorum

76 3068 147 3120 haud
163 3066 252 3134 paucis
272 3071 317 3140 aut
343 3065 408 3138 nihil
434 3066 508 3132 uobis
527 3073 571 3119 aut
591 3063 656 3122 nihil
681 3065 745 3116 certi
763 3063 847 3128 adhuc
864 3062 989 3134 innotuit,
1011 3070 1037 3116 et
1057 3065 1148 3136 eopio-

76 3169 133 3205 sam
155 3151 342 3223 supellectilem
364 3152 484 3206 Virorum
517 3151 666 3216 doctonun,
694 3154 723 3202 ut
745 3147 852 3219 Huetii,
874 3149 955 3202 celeb.
978 3147 1047 3201 illius
1071 3147 1150 3216 episc.

79 3217 267 3302 Abrincensis,¹
284 3236 386 3290 Pithoei
406 3236 454 3304 (cf.
476 3237 578 3290 Annall.
602 3235 686 3290 Iahnii
703 3235 734 3288 V.
759 3237 802 3288 12.
822 3251 848 3302 p.
865 3232 927 3289 458.
945 3239 971 3287 et
985 3232 1052 3288 iufra
1072 3235 1105 3286 ad
1122 3251 1147 3288 r.

76 3318 132 3390 5.),
146 3319 352 3390 Venderbourgii
370 3323 403 3384 ad
420 3328 480 3394 satt.
499 3327 526 3375 et
551 3337 626 3393 epp„
652 3319 822 3383 Brouchhusii
846 3317 988 3387 (collation.
1013 3325 1148 3386 praestan-

78 3404 173 3456 tiorum
192 3403 295 3456 illorum
314 3387 601 3472 'CoddFranequerani
620 3409 647 3454 et
664 3402 832 3469 Graeviani),
853 3403 1002 3469 D'Orrillii‚
1030 3404 1148 3455 Flamin-

79 3489 134 3560 gii,
153 3489 337 3563 Bubingtonis,
359 3487 437 3555 Angli
461 3488 531 3562 illins
556 3487 696 3556 doctissimi
715 3492 741 3546 et
761 3485 949 3554 liberalissimi,
967 3488 1039 3540 ouius
1055 3488 1148 3539 hnma-

78 3572 187 3646 nitatem
207 3573 284 3638 digne
302 3573 467 3642 praedicandi
486 3575 551 3627 alins
569 3574 618 3628 erit
637 3575 724 3640 locus,
746 3572 816 3624 aliud
840 3577 955 3639 tempus,
980 3576 1006 3624 et
1030 3573 1082 3637 ah,
1100 3585 1149 3622 neo

47 3709 51 3718 ,
78 3673 132 3709 nou
158 3662 197 3728 tot
217 3663 339 3724 tantaque
361 3660 556 3714 benevolentiae
581 3657 738 3726 humanique
763 3657 842 3708 animi
866 3656 1013 3710 testimonia
1035 3653 1149 3718 laudaui,

79 3742 223 3806 Anglorurn
240 3740 378 3815 imprimis,
397 3742 474 3811 (quos
495 3743 624 3811 hospitum
640 3743 731 3796 studiis
756 3740 915 3814 ambitiosius
936 3747 981 3793 aut
999 3735 1150 3797 invidiosius

81 3822 203 3890 κειμήλια
219 3841 266 3878 sua
281 3827 417 3879 occludere
439 3833 466 3880 et
485 3827 638 3882 subtrahere
662 3842 799 3895 perperam
823 3826 939 3880 nonnulli
962 3823 989 3888 in
1014 3818 1154 3873 continenti

79 3910 198 3964 viventes
223 3912 321 3980 opinati
344 3908 440 3975 sunt,)
465 3914 495 3962 ut
518 3911 598 3965 Ducis
623 3911 814 3978 Murlloroapb.
846 3910 953 3974 eiusque
980 3905 1154 3958 bibliothecae

78 3993 206 4064 praefecti
231 3995 366 4062 Vaughan.
390 3995 524 4065 Thomna,
551 3993 660 4066 Comitis
682 3998 800 4062 Spertecr.
829 3993 936 4058 eiusque
963 3988 1155 4058 bibliothecam,

80 4079 185 4131 Dtbdtu.
203 4085 229 4150 et
246 4079 420 4146 appensus,
439 4077 572 4130 custodum
588 4079 673 4135 Musei
694 4080 775 4144 Brit,
793 4073 1005 4136 bibliothecarum
1022 4071 1157 4126 Oxonien-

81 4161 149 4233 sium
166 4169 191 4214 st
213 4161 480 4228 cantabrigiensium,
502 4163 645 4232 Phillipsii,
672 4164 723 4216 Th.
745 4160 893 4224 Gruroillii,
915 4159 1024 4223 Hubert,
1048 4157 1156 4216 Butleri,

87 4249 176 4314 Vulpit
195 4247 372 4317 aliorumque;
408 4248 454 4299 sed
479 4247 556 4300 stiam
581 4248 716 4300 ostenditis
742 4243 820 4298 variis
842 4243 996 4296 emendandi
1018 4237 1158 4291 rubonibus

83 4332 283 4405 nonnullorum,
300 4331 356 4400 ipse
366 4370 373 4398 ,
393 4330 445 4384 non
461 4337 490 4406 ut
502 4332 536 4384 iu
554 4328 717 4404 Praedicouii
744 4327 848 4381 modum
870 4326 986 4379 luderem
1007 4326 1033 4372 et
1051 4315 1155 4388 puerili*
