2724 4726
590 423 630 481 23

166 615 229 691 Qui
248 599 460 700 pcle't-ss-V'is
476 613 600 680 dieami
617 611 784 701 „Nugaris
801 637 871 679 cum
890 617 960 696 tibi,
977 617 1080 698 calvo,
1104 629 1144 686 70

163 785 301 869 Pinguis
325 785 526 872 aqualiculus
541 803 704 870 propenso
721 785 913 870 sesquipede
929 791 1054 852 extat.“
1065 825 1106 835 -
1180 785 1189 806 ⁸

163 950 192 1013 O
216 951 312 1032 lane,
333 975 352 1014 a
372 963 464 1036 tergo
486 971 581 1035 quem
603 951 694 1013 nulla
717 953 842 1016 ciconia
860 955 973 1036 pinsit,

159 1117 230 1186 Nec
252 1139 367 1182 rnanus
391 1115 552 1180 auriculas
574 1117 700 1180 imitata
722 1131 774 1182 est
795 1118 928 1183 mobilis
950 1117 1054 1199 albas,
1132 1172 1138 1184 ,
1162 1101 1168 1116 ’

73 1306 281 1326 Μ

125 1471 151 1506 v.
170 1453 212 1506 70.
230 1462 300 1520 pote:
336 1454 369 1505 Α.
398 1454 431 1505 N.
450 1453 479 1505 C.
498 1455 530 1504 R.
555 1454 588 1506 D.
618 1453 650 1504 K.
672 1452 709 1503 M.
730 1471 752 1522 p.
781 1458 808 1503 2.
838 1453 871 1504 Δ.
891 1457 972 1507 dicam
990 1455 1021 1507 A.
1043 1458 1075 1509 0.
1110 1459 1139 1509 ln

72 1589 113 1640 ed.
132 1588 162 1638 L.
182 1587 340 1654 parenthesis
357 1593 429 1655 patet
447 1605 472 1638 α.
488 1605 515 1642 r·
528 1587 563 1642 70
574 1588 658 1639 —7e
679 1585 740 1652 (Qui
761 1605 787 1653 p.
808 1615 841 1626 -
858 1590 987 1654 saturae).

112 1725 228 1788 seaqzrip.
246 1723 276 1774 P.
293 1723 326 1774 N.
346 1723 378 1774 0.
397 1739 433 1772 se
449 1723 517 1788 quip.
539 1727 583 1772 est
600 1728 635 1770 nt
653 1720 684 1770 A.

107 1859 195 1923 pinsit
219 1855 249 1909 L.
274 1857 305 1909 F.
327 1857 362 1906 H.
388 1855 416 1906 S.
441 1858 461 1906 l.
489 1853 561 1919 (cum
589 1853 675 1905 multis
701 1853 806 1920 codd).
831 1857 924 1922 pinsit..
944 1855 974 1906 P.
994 1856 1028 1915 G.
1047 1862 1073 1909 et
1090 1861 1135 1912 rel.

69 1990 220 2042 Scriberem
249 1989 385 2057 equidem,
407 1988 457 2039 nisi
481 1989 596 2040 obstaret
616 1987 749 2040 Diomedis
766 1985 939 2040 testimonium
961 2005 988 2055 p.
1004 1990 1076 2056 370„
1096 1997 1137 2043 ut-

67 2129 130 2191 pote
152 2121 225 2173 cuius
252 2126 367 2190 tempore
395 2122 446 2172 iam
473 2121 619 2186 ambiguum
643 2127 714 2186 erat,
736 2125 820 2172 utrum
837 2124 916 2190 plausit
933 2139 967 2173 an
986 2126 1080 2189 pinsot,
1094 2128 1136 2176 vel

66 2259 131 2323 pisit
148 2261 192 2308 aut
221 2259 291 2323 pisel
317 2257 455 2320 legendum
479 2261 565 2320 esset,
590 2258 699 2320 proruit,
723 2269 789 2318 quae
814 2251 922 2319 perlecti
943 2253 1026 2306 forma
1051 2255 1136 2307 eidem

67 2389 193 2442 Diomedi
210 2408 236 2458 p.
258 2391 317 2444 369.
340 2391 472 2457 probatur.
507 2385 635 2438 Confundi
659 2385 746 2436 literas
768 2399 781 2434 s
807 2388 834 2436 et
851 2399 870 2434 x
892 2384 976 2438 ubivis
999 2385 1027 2436 in
1053 2386 1135 2440 Codd.

65 2523 134 2572 Mss.
154 2526 260 2575 constat.
294 2525 401 2591 Repetit
426 2523 492 2574 hano
514 2520 652 2572 lectionem
666 2518 693 2570 in
717 2534 768 2568 uno
793 2518 890 2570 Codice
913 2519 943 2570 P.
961 2518 1092 2585 Danielis,
1111 2521 1160 2586 id

66 2657 140 2724 quod
159 2653 270 2719 cognovi
289 2671 322 2708 ex
337 2653 467 2706 ubenr'mo
485 2652 540 2706 eius
558 2656 691 2720 apparatu,
709 2651 810 2703 Bernae
829 2667 846 2702 a
863 2667 905 2703 me
925 2650 958 2702 ad
975 2653 1059 2704 lucem
1078 2668 1139 2718 pro-

66 2793 154 2840 tracto
173 2793 199 2840 et
214 2789 351 2856 aliquando
374 2787 472 2856 publici
496 2789 560 2840 iuris
583 2785 702 2840 iaciendo
726 2802 778 2842 una
795 2803 852 2838 cum
876 2784 1050 2853 maximopere
1065 2789 1138 2840 locu-

63 2925 169 2990 pletato
187 2921 335 2988 Foquellini
352 2921 557 2984 enucleatam,
576 2919 618 2974 cni
633 2917 730 2972 inserta
748 2919 834 2972 omnia
850 2923 916 2984 sunt,
934 2936 1061 2988 quemque
1079 2937 1139 2986 gra-

63 3063 109 3109 tns
130 3055 176 3107 ille
200 3055 339 3122 discipulus
357 3054 462 3106 maioris
478 3053 591 3106 habebat
616 3069 692 3120 quam
709 3055 823 3106 Passow.
841 3068 867 3118 p.
886 3049 945 3104 146.
979 3055 1027 3106 Est
1052 3058 1138 3106 antem

64 3205 243 3261 prntqerevox
259 3189 397 3268 relfieandi
413 3189 525 3242 solennis
542 3188 574 3241 cf.
591 3189 658 3242 Plin.
670 3189 751 3254 XXX,
765 3189 807 3240 10.
827 3203 904 3245 nunna
918 3200 1028 3252 parspere
1047 3187 1136 3250 coepit.

65 3328 114 3380 Sic
143 3325 223 3378 etiam
252 3324 386 3392 sequentia
408 3323 499 3376 molius
523 3301 628 3390 possunt
651 3321 783 3389 expediri:
809 3337 853 3371 aec
877 3335 947 3386 qnam
971 3318 1101 3385 (pungens
1118 3335 1138 3370 s.

64 3457 347 3524 vellicans)-monas
360 3456 426 3510 mot.
445 3459 573 3508 amicatus
590 3456 663 3508 albos
678 3456 729 3522 <ita
747 3472 835 3508 omnes
852 3455 915 3506 Mss.
935 3456 962 3504 et
987 3449 1045 3501 edd.
1063 3447 1139 3512 vett.)

64 3598 175 3652 inritatu
192 3599 230 3644 est
245 3591 297 3659 (sic
313 3608 381 3644 omn.
400 3589 471 3643 editt.
502 3587 587 3654 vett).
616 3589 680 3642 Cod.
702 3591 778 3642 Bem.
796 3588 854 3642 257.
873 3587 951 3637 habet
969 3581 1072 3646 imitari,
1092 3582 1140 3631 nd-

64 3727 276 3795 scriptitantem
300 3743 390 3778 munus
417 3735 448 3781 1:
475 3723 571 3790 ,aliter
590 3723 689 3776 imitata
713 3723 781 3777 est.“
805 3717 945 3771 iudicanda
969 3724 1009 3770 est
1033 3713 1137 3766 omnino

66 3865 137 3916 haec
162 3861 240 3912 lectio
258 3860 398 3924 vetustior,
415 3857 543 3910 difficilior
562 3862 588 3909 et
610 3857 709 3925 aptior,
727 3869 804 3922 quam
820 3854 924 3912 incitari,
943 3847 1011 3913 quod
1030 3845 1062 3896 ab
1079 3845 1137 3899 Nic.

65 3996 182 4052 Heinsio
204 3995 242 4061 (in
265 3992 375 4046 Advers.
397 3995 420 4056 1,
444 3992 468 4041 3.
486 3989 587 4067 ΜΘ.)
609 4005 644 4050 eu⁴
664 3985 819 4042 membranis
836 3978 1005 4034 Leidensibus
1022 3979 1138 4047 petitum,

67 4150 86 4184 a
113 4132 264 4181 Burmanno
284 4126 312 4176 iu
334 4127 434 4190 sylloge
458 4123 531 4189 epist.
556 4124 632 4175 Tom.
657 4123 700 4175 IV.
719 4107 744 4186 p.⁴
761 4111 905 4169 eea-34.
919 4127 972 4196 ‘pro
989 4114 1139 4182 imperfecto

66 4268 225 4328 acceptum,
251 4266 277 4314 et
292 4275 375 4328 nuper
391 4258 420 4309 in
437 4256 525 4309 diariis
548 4257 644 4308 literar.
665 4236 809 4302 lenenss'a.
823 4248 899 4301 1822.
916 4265 941 4300 n.
961 4249 1019 4300 198.
1030 4247 1075 4298 ,ita
1092 4261 1140 4298 ex.
