2724 4726
561 425 595 480 31

144 620 361 685 Protulerirnl
392 655 425 666 -
457 617 600 695 Cantas,
623 638 694 680 curn
720 616 823 677 sraela
846 613 927 674 lein
949 607 1039 672 trabe

433 791 554 873 pictum

144 957 201 1020 Ex
216 955 353 1018 humero
368 954 684 1039 pertesi-Verum,
695 969 755 1011 nec
773 956 865 1008 nocte
877 953 1025 1027 paratum
1049 935 1124 1023 [90]

147 1123 314 1201 Plorabit‚
339 1122 393 1205 qui
417 1141 468 1183 rne
493 1121 581 1184 volet
607 1121 794 1181 incurvasse
826 1108 1026 1198 querela.—
1067 1109 1127 1166 l05

228 1288 295 1352 Sed
321 1291 465 1354 numeris
492 1289 589 1350 decor
614 1296 665 1348 est
691 1293 724 1344 et
759 1284 908 1344 iunctura
937 1275 1045 1340 addila

440 1453 562 1517 crudis!

56 1614 272 1634 μ--ι-ή-ηῌ

58 1739 137 1806 April
149 1737 173 1790 h.
203 1755 241 1803 a,
269 1740 313 1806 qui
342 1739 433 1804 vertit,
458 1743 530 1806 also,
554 1743 663 1805 ltttmer,
681 1737 729 1790 trist
747 1737 782 1788 da
799 1737 839 1788 ein
857 1731 1019 1784 Schamlbobe
1032 1748 1130 1799 power-

23 1865 24 1868 ’
60 1869 133 1926 den?
173 1873 225 1924 Sed
253 1891 336 1926 cerere
357 1873 400 1926 hic
420 1889 506 1942 neque
530 1875 596 1928 hano
618 1875 771 1942 potestatem
796 1868 912 1921 obtinere
929 1866 1030 1918 videtur
1047 1883 1130 1933 neque

59 2004 210 2068 significare
228 2005 335 2074 adulari,
355 2009 422 2074 apud
439 2009 544 2060 Homer.
565 2013 591 2059 et
607 2005 770 2074 Aristophan.
789 2001 855 2071 οὐρῇ
872 2007 915 2054 aut
933 2002 1011 2068 κίρκῳ
1027 2001 1129 2052 σαίνειν.
1152 1979 1163 1998 ⁸

60 2138 94 2189 cf.
121 2137 237 2191 Martial.
260 2141 309 2205 ΙΙΙ,
326 2139 370 2204 95,
395 2141 437 2193 13.
472 2141 517 2193 Sic
537 2141 650 2194 Passow.
676 2147 703 2192 et
729 2141 827 2203 Plum.,
847 2138 937 2205 quibus
960 2143 1045 2189 tamen
1062 2135 1134 2203 prior

60 2278 155 2326 auctor
174 2277 213 2324 est
231 2272 410 2324 Britannicus:
435 2273 584 2337 „indecoro
600 2277 671 2323 motu
690 2271 804 2340 corporis
819 2270 948 2334 adularis,
972 2273 1099 2335 sumptum
1117 2283 1133 2320 a

60 2406 189 2472 canibus,
217 2406 260 2473 qni
287 2406 371 2455 clarus
398 2407 518 2470 opttorrdo
537 2405 581 2474 (of.
599 2407 657 2460 Iov.
675 2408 709 2471 ll,
726 2405 838 2470 20-21)
856 2403 1052 2457 blandiuntur.“
1086 2404 1135 2456 Est

61 2544 162 2599 autem,
181 2536 204 2586 si
221 2537 281 2603 quid
298 2538 391 2591 video:
410 2541 518 2608 turpiter
536 2546 562 2593 et
577 2541 714 2594 libidinose
733 2555 864 2590 assensum
878 2537 1030 2601 significare,
1053 2538 1134 2588 adeo-

61 2686 117 2738 que
141 2668 255 2721 ceventis
272 2671 384 2738 speciem
401 2689 464 2741 prae
482 2691 510 2726 se
526 2673 602 2726 serre.
620 2673 651 2724 cf.
677 2689 701 2724 r.
722 2671 781 2724 142.
802 2673 887 2723 lusce:
909 2672 1038 2736 Rtr’rnltop,
1059 2673 1135 2722 ootllst

60 2808 99 2856 du
118 2807 168 2856 roto
185 2807 224 2855 elo
242 2806 405 2858 sclarnltule
423 2807 478 2858 cticlr
492 2803 634 2874 petorrita?
653 2833 684 2842 -
709 2804 813 2872 Optime
831 2803 969 2856 cohaerent
986 2803 1135 2870 sequentia:

58 2938 136 2990 Men'
164 2932 285 2987 moereat?
309 2936 404 3003 quippe
429 2943 477 2991 etc.
521 2938 605 2992 Simili
628 2941 719 3016 modo
737 2941 857 2992 mulieres
874 2938 967 2990 lumbis
985 2945 1012 2990 et
1028 2937 1136 2988 femori-

60 3075 113 3124 bus
137 3069 277 3121 libidinose
296 3067 454 3131 ffluctuantes
480 3077 603 3125 vocantur
625 3073 772 3138 cassantes,
801 3077 829 3125 ut
853 3087 887 3124 ex
904 3073 959 3124 lur.
979 3075 1005 3123 et
1022 3068 1137 3121 Martiali

60 3206 176 3253 constat.
195 3201 230 3253 oi.
246 3200 329 3254 Lucil.
349 3220 391 3270 ap.
408 3206 475 3257 Non.
498 3209 521 3273 1,
541 3207 583 3262 69.

137 3365 162 3401 v.
181 3349 239 3401 102.
260 3334 303 3402 me
316 3367 380 3402 oreo.
399 3353 431 3403 Ο.
466 3362 547 3406 coellet
565 3356 638 3420 oraui.
656 3356 717 3419 (del.
736 3356 772 3422 st)
796 3356 829 3407 R.

98 3505 190 3549 ceorles
208 3515 260 3550 alm
277 3502 311 3566 fr.
329 3502 360 3553 P.
385 3501 417 3553 A.
447 3502 477 3555 C.
504 3504 535 3555 R.
552 3505 586 3556 D.
612 3501 645 3557 G.
671 3506 701 3558 B.
724 3506 756 3557 E.
781 3505 813 3556 F.
836 3505 870 3556 H.
896 3503 923 3553 S.
942 3501 977 3550 Μ.
999 3501 1032 3552 Q.
1052 3504 1078 3549 et
1090 3501 1136 3550 rel.

60 3641 155 3684 carries
172 3632 206 3698 fr.
224 3631 287 3698 (del.
304 3635 369 3698 ntor)
392 3636 422 3688 V.
441 3636 475 3686 N.
494 3635 523 3686 L.
542 3645 630 3688 coortas
653 3655 707 3689 cnm
724 3646 748 3688 te
764 3638 799 3702 fr.
810 3620 903 3687 stobe
923 3632 957 3683 Y.
992 3617 1146 3698 protulero?

60 3767 99 3819 A.
120 3769 270 3834 protulerim
291 3805 297 3818 .
315 3770 346 3820 A.
366 3770 397 3822 0.
415 3771 462 3821 rel.
482 3776 542 3821 arat:
562 3765 631 3820 ont?
656 3777 758 3834 portes:
777 3766 810 3817 N.
833 3764 865 3818 A.
890 3766 922 3817 D.
941 3766 973 3818 G.
993 3765 1024 3814 lt.
1049 3763 1079 3814 L.
1098 3763 1137 3830 E.

59 3903 96 3951 F·
119 3901 156 3950 H·
174 3901 202 3951 S·
226 3905 246 3951 l.
269 3919 294 3951 a.
311 3904 339 3965 β.
361 3918 385 3966 7.
404 3911 433 3954 ts.
452 3903 499 3955 rel.
518 3909 570 3954 ortt.
590 3899 631 3965 (V.
652 3903 683 3952 0.
702 3898 748 3966 Δ.)
767 3910 852 3969 portes
870 3895 936 3953 ool?
954 3902 1086 3961 portorum
1103 3895 1136 3947 K.

60 4034 181 4099 querella
199 4033 230 4083 0.
249 4039 276 4087 2.

139 4163 165 4200 v.
187 4145 245 4202 106.
282 4157 320 4200 est
346 4153 422 4201 tonet.
441 4148 504 4215 (del.
531 4151 565 4215 el)
591 4151 621 4202 P.
653 4150 740 4202 obdito
768 4149 837 4199 aad.
865 4148 896 4199 0.
917 4147 949 4202 Q.
967 4147 1002 4200 Y.
1020 4165 1045 4197 α.
1064 4149 1090 4212 β.
1111 4163 1135 4212 y.

57 4289 88 4334 et
108 4279 151 4332 sic
168 4281 283 4334 nonnulli
300 4281 385 4334 eodo.
402 4287 497 4334 recent.
515 4283 575 4334 vide
599 4282 728 4354 llralrenb.
757 4279 790 4330 ad
817 4279 862 4330 Sil.
880 4280 924 4344 Vl,
946 4277 1006 4332 ael.
1033 4277 1135 4328 Brouk-
