2724 4726
561 468 602 528 41²

149 631 220 696 Noc
238 633 292 718 qul
308 629 404 694 abaci
422 651 574 696 numeros
590 641 623 691 et
637 642 727 693 secto
743 631 776 691 in
791 627 926 712 pulvere
944 643 1045 696 metue
1069 637 1131 698 145

152 798 221 862 Scit
234 799 349 862 risisse
369 795 483 880 valer,
502 793 639 860 multum
662 795 804 879 gaudere
823 808 971 881 paratur,

154 965 192 1028 Si
212 965 333 1048 Cynico
356 957 492 1027 barbam
511 955 664 1046 petulans
687 963 822 1030 nonaria
841 961 954 1026 vellat.

153 1132 219 1194 His
246 1169 288 1180 -
318 1152 411 1195 mane
442 1132 602 1209 edictum,
632 1141 707 1214 poet
733 1129 870 1213 prandia
902 1167 943 1180 -
973 1130 1050 1196 Cal-

434 1296 563 1360 lirhoiin
586 1295 643 1357 dol
666 1329 705 1344 -

137 1571 166 1610 a.
182 1551 241 1605 145.
277 1554 356 1605 abaco
382 1569 451 1605 omn.
473 1555 583 1619 praeter
601 1552 632 1606 V.
651 1551 699 1604 B.:
724 1551 819 1604 abacia
837 1559 864 1606 et
881 1553 929 1607 P.:
947 1559 990 1624 aar·
1006 1573 1023 1608 a
1040 1558 1138 1613 baccbo.

69 1691 150 1741 abaci
167 1688 226 1752 lego
240 1701 298 1737 cum
315 1678 443 1736 nonnullis
469 1682 551 1736 Codd.
576 1683 775 1751 vetustioribus,
801 1686 869 1754 quod
894 1684 1042 1738 concinnior
1058 1687 1095 1740 ita
1112 1685 1142 1740 fit

66 1823 166 1889 oratio,
187 1825 214 1872 et
231 1817 291 1886 quia
302 1817 402 1870 numeri
411 1817 439 1868 in
456 1817 536 1868 abaco
556 1820 635 1868 erant.
670 1813 900 1869 Inconcinnitotem
915 1819 1040 1871 sublaturi
1056 1820 1141 1874 varies

67 1956 191 2010 medelas
219 1952 390 2010 adhibuerunt
413 1955 439 2003 et
461 1946 615 2004 vetustiores
643 1951 669 2000 et
696 1946 853 2002 recentiores
870 1947 995 2017 editores,
1013 1957 1141 2006 mutantes

65 2087 246 2156 posteriorem
261 2098 350 2136 versus
369 2091 482 2153 partem:
500 2090 567 2136 secto
584 2084 686 2149 proicere
701 2077 734 2135 V·
751 2083 782 2137 B.
801 2085 833 2138 E.
849 2085 882 2138 F.
901 2086 929 2142 S.
943 2087 966 2139 1.
984 2089 1066 2140 Serto.
1082 2090 1141 2156 pol-

64 2239 129 2276 acre
153 2219 190 2272 H.
214 2217 280 2284 secto
294 2220 363 2283 prtia
380 2218 416 2268 Y.
429 2215 488 2284 (rel.
506 2223 572 2268 accio
588 2219 616 2268 iu
632 2218 699 2282 polo.
718 2219 822 2282 praeter
838 2215 888 2266 Ga:
910 2225 976 2268 secto
997 2220 1032 2269 im
1045 2218 1146 2288 ρώπως

66 2361 159 2408 sectas
176 2354 204 2403 iu
220 2367 247 2417 p.
269 2347 383 2402 Passow.
403 2351 551 2417 aliquando,-
569 2351 639 2416 facto
658 2345 788 2416 (languet)
806 2347 956 2404 Grotesend.
991 2351 1026 2405 At
1042 2353 1065 2405 si
1083 2298 1146 2421 quid

64 2481 226 2542 tentandum
245 2487 329 2548 esset,
347 2481 374 2533 in
392 2482 423 2533 P.
441 2481 558 2536 Danielis
574 2484 728 2536 sententiam
745 2481 918 2548 discederem,
937 2483 981 2550 qui
999 2500 1057 2537 cum
1072 2491 1144 2552 „reb

66 2619 164 2676 Cod.“
180 2618 258 2684 legit:
283 2620 387 2668 docto
410 2618 438 2667 iu
465 2616 583 2682 arborco,
607 2615 648 2669 hie
675 2622 750 2669 utens
765 2615 867 2670 verbis:
884 2618 976 2684 „quod
997 2633 1029 2671 ea
1046 2619 1146 2674 ratione

65 2760 112 2811 ita
131 2755 228 2806 dictum
242 2748 361 2804 existimo
381 2753 410 2799 ut
428 2747 497 2814 apud
512 2748 627 2801 Tullium
645 2747 689 2802 lib.
707 2749 745 2802 11.
774 2749 807 2802 de
835 2754 887 2802 nat.
906 2723 994 2817 door,
1019 2753 1148 2808 eruditum

68 2892 224 2963 pulverem*
235 2901 283 2953 pro
301 2880 487 2936 mathematicis
502 2880 652 2948 disciplinis.
683 2878 736 2934 Sed
754 2879 861 2949 (inquit)
879 2880 902 2934 si
921 2877 971 2935 hoo
986 2899 1039 2936 non
1055 2886 1149 2940 ridetis

69 3021 139 3091 quia
161 3020 233 3070 illum
252 3027 390 3082 numquam
406 3015 534 3068 eruditum
552 3016 685 3079 pulverem
702 3015 818 3081 abigitis.
836 3016 896 3070 ride
907 3017 1052 3068 Brodaeum
1069 3017 1149 3072 ΗΜ.

68 3153 190 3206 Misceli.
216 3165 273 3218 cap.
301 3150 327 3200 l.
354 3155 380 3201 et
407 3147 525 3200 Coelium
542 3145 600 3200 Lib.
618 3143 679 3202 VII.
699 3163 723 3201 c.
739 3147 781 3202 30.
799 3149 844 3202 ubi
860 3164 962 3203 versum
979 3148 1047 3202 hunc
1063 3151 1149 3218 expli-

69 3286 149 3340 cat.“
177 3283 209 3335 cf.
236 3299 261 3336 v.
285 3281 345 3334 100.
370 3297 461 3350 supra,
484 3281 529 3336 ubi
557 3281 668 3335 casaub.
692 3283 785 3336 rerba:
814 3284 902 3334 doctas
924 3285 1039 3350 poetasse
1055 3285 1152 3354 ficamus

70 3417 248 3474 emendatum
265 3413 335 3466 ibat:
354 3413 458 3464 dodras
482 3429 508 3480 p.
527 3417 547 3482 f.
578 3431 611 3468 ex
636 3413 806 3477 Honorati,
826 3412 875 3477 10,
894 3414 936 3468 19.
955 3415 1016 3469 ride
1034 3417 1151 3471 Persian.

70 3551 148 3604 Hor.
167 3547 231 3601 imit.
252 3563 279 3613 p.
296 3543 356 3600 531.
391 3547 487 3600 mellica
503 3547 536 3603 V.
555 3549 587 3606 B.
622 3543 713 3615 vafer?
727 3549 750 3600 1.
788 3549 888 3615 cycticbo
906 3549 936 3600 P.
972 3551 1049 3602 einrico
1066 3549 1099 3603 A.
1116 3553 1151 3607 D.

67 3688 114 3740 G.
133 3684 166 3735 R.
187 3681 217 3732 L.
237 3688 267 3732 te.
304 3697 386 3748 astaco
404 3681 438 3733 Y.
474 3655 524 3735 rel.
543 3685 635 3750 cyrrico.
670 3686 780 3734 lacuaria
798 3689 825 3734 2.

152 3829 178 3865 v.
197 3808 255 3863 148.
282 3815 369 3866 colliro
388 3831 419 3866 eu
436 3815 464 3866 S.
488 3815 647 3868 collirocaD.
657 3814 690 3866 G.
702 3814 816 3869 E.F.H.
827 3815 859 3870 K.
870 3815 942 3870 Aa.
970 3819 1104 3871 roua...
1122 3837 1153 3874 aa

70 3951 115 4002 R.
136 3942 262 4014 (rasura).
299 3946 410 3996 cabirum
426 3946 471 4034 Ρ..
494 3949 629 4002 callircbcu
645 3947 677 4000 B.
695 3946 727 4001 V.
765 3951 892 4003 cailiroom
909 3947 944 4000 Y.
984 3950 1153 4004 callicrate.

70 4081 115 4134 C.
136 4077 171 4131 N.
189 4077 221 4129 Ι..
241 4083 267 4130 2
302 4063 422 4147 catiaco?
432 4060 470 4133 Τ.
489 4083 616 4147 collyroca
641 4084 673 4139 Q.
690 4083 723 4139 X.
766 4081 945 4136 catacoeno.
983 4082 1100 4136 calicrati
1117 4081 1155 4135 Μ.

68 4233 105 4268 α.
126 4213 153 4278 β.
172 4228 197 4276 7.
232 4212 368 4266 callirhoen
386 4215 411 4266 1.
444 4215 487 4268 Ne
503 4215 631 4270 delabaris
648 4216 675 4270 in
693 4213 783 4268 Fontii
808 4219 835 4267 et
862 4212 1021 4278 Britannici,
1037 4213 1155 4268 Accensa
1179 4295 1182 4302 Ι

67 4353 105 4401 et
125 4340 242 4398 Passorii
255 4342 504 4416 interpretationem,
523 4349 568 4419 qui
581 4353 692 4402 scortum
707 4345 754 4398 cub
785 4345 811 4398 la
838 4361 863 4400 r.
880 4339 1075 4406 intelligendum
1092 4309 1170 4406 aaa..
