2724 4726
524 439 633 508 ‘usu

132 647 338 715 Burtelome'i
355 644 479 714 nonen
491 651 694 716 comentur-ii.
713 647 830 737 (Notat
853 651 889 716 in
911 650 1000 720 editt.
1023 675 1057 718 o.
1079 657 1116 740 β.

49 793 79 855 y.
108 771 143 832 ln
169 766 266 834 titulo
293 780 327 831 et
353 769 423 830 vita
450 771 632 852 praemissu
660 771 765 834 (lictus
795 767 931 834 crt'llle
953 771 1114 857 interpres

48 885 207 964 Ferocius,
228 888 265 948 iu
284 882 435 969 Epistola
454 883 558 950 nffixn
577 888 618 950 rul
639 887 823 969 ,saxorum
842 883 1007 970 moeretur).
1049 887 1115 952 Im-
1197 929 1199 934 -

46 1025 195 1091 pressum
222 997 364 1066 Venehi't
389 1013 519 1086 sumptu
546 1003 793 1091 diligentissimi
819 1003 883 1066 uiri
903 1003 1045 1073 Ioannie'
1073 1006 1114 1072 de

52 1105 184 1186 Tridino
200 1115 296 1184 Anno
312 1137 332 1180 a
351 1116 459 1184 netuli
472 1118 923 1188 christieuo'M.ccoc.·xcrx.
940 1119 1005 1184 Die
1022 1138 1115 1188 vero.

45 1260 113 1302 1111.
136 1237 240 1302 Musis
261 1233 458 1300 Nouebris.»
495 1233 667 1323 lingonum
684 1236 809 1321 inclyto
836 1243 876 1304 eo
896 1233 1114 1302 faelicissimo

9 1387 12 1424 r
44 1357 198 1441 principe.
218 1354 406 1440 Aeginetico
424 1349 621 1420 Berbndico.
667 1385 669 1390 ·

9 1505 10 1514 ³
85 1504 159 1570 Fol.
180 1502 244 1568 lla·
256 1505 437 1588 praemissa
459 1515 520 1566 est.

132 1671 165 1756 1)
182 1670 263 1747 Vita
283 1647 384 1736 Pauli
401 1670 509 1736 Persii
530 1667 640 1732 Flacci
661 1672 781 1758 equitis
796 1669 936 1734 Romani
953 1689 1013 1755 per
1031 1669 1112 1736 Cora

211 1800 324 1854 nutum
344 1785 584 1874 phylosophum
605 1788 676 1853 eius
697 1798 924 1874 preceptorem
944 1783 1111 1849 foeliciter

208 1905 357 1990 incipit.“

129 2056 164 2141 2)
192 2049 347 2140 epistola:
384 2097 407 2131 ‚,
416 2050 610 2120 Clarissimo
628 2049 765 2135 Angelo-
773 2051 938 2118 Marcello
954 2049 1111 2138 Maguico

43 2172 118 2256 (sic)
148 2171 281 2255 patritio
307 2167 456 2243 Venet03
488 2171 633 2236 inermes
666 2167 838 2235 Romnum
859 2168 1022 2236 Sacerdos
1049 2167 1110 2232 Vo-

42 2293 191 2354 rouenuic
218 2281 476 2352 foelicitatem.“
527 2283 620 2349 Haec
648 2283 759 2348 decem
796 2280 1112 2368 versuumepistole

42 2405 245 2481 sacerdotis,
273 2403 328 2487 qui
357 2401 575 2484 „Cornutum
608 2401 862 2466 eruditissimum
888 2400 996 2467 Persii
1021 2400 1109 2464 ustie

40 2531 287 2607 praeceptorem
327 2540 364 2582 ne
392 2518 540 2582 eiusdem
571 2520 784 2602 interpretem
821 2517 1030 2594 fidissimum
1050 2513 1108 2582 (liu

40 2657 193 2702 mancum
215 2633 359 2718 lacerum
397 2645 431 2702 et
449 2644 631 2718 temporum
662 2634 784 2699 iniuria
808 2634 1022 2720 undecunque
1054 2633 1110 2696 de·

39 2753 308 2839 prauntissimum
331 2751 655 2836 operosniudustria
680 2753 715 2814 in
732 2753 906 2836 pristinum
934 2749 1110 2814 candorem

42 2881 197 2956 quantum
226 2868 319 2940 licuit
340 2905 382 2918 —
399 2866 568 2953 redegit,“
592 2903 632 2929 -,
651 2865 793 2934 recludit
822 2889 943 2934 nomeu
970 2870 1108 2953 impres-

41 2990 129 3054 soris
150 2986 202 3050 his
223 2985 351 3050 verbis:
373 2985 490 3069 ,‚dilig,
511 2987 584 3053 uiro
599 2983 747 3052 Iohanni
766 2993 897 3052 tucuico
918 2987 1109 3070 imprimeu-

43 3105 119 3169 dum
139 3103 267 3170 tradidi.
277 3106 300 3142 ‘⁶
340 3102 426 3166 Ecce
452 3122 532 3186 ergo
563 3101 739 3172 editionem
765 3103 947 3186 principem
969 3098 1108 3166 Cornuti

41 3224 166 3286 veteris
188 3219 441 3298 Commeutnrli,
467 3220 521 3282 cui
548 3217 617 3291 hoc
636 3218 764 3290 lemma,
783 3219 1006 3304 praepositum
1034 3229 1103 3282 est:

42 3337 185 3420 „Publii
222 3340 329 3412 Annei
369 3336 508 3408 Cornuti
538 3335 759 3420 phylosophy:
799 3333 1040 3400 Annotntioues
1074 3336 1109 3398 iu

42 3455 381 3520 Publium-Persium
413 3451 566 3524 Flaccum
600 3449 796 3540 discipulum
829 3451 995 3520 foeliciter
1026 3453 1109 3520 iuci-

43 3577 178 3660 piunt.“
200 3571 314 3638 libert.
333 3591 365 3633 n.
397 3574 511 3640 16253.

88 3725 165 3786 26.i
180 3720 214 3785 0.
236 3721 259 3785 f.
280 3741 308 3783 a.
335 3719 443 3785 Venel.
460 3713 553 3787 circn'
567 3745 596 3788 u.
616 3725 708 3789 1500.
729 3733 761 3788 4.

10 3811 18 3820 ⁵
202 3835 308 3902 Aulus
336 3837 473 3900 Flaccus
500 3841 633 3905 Persius
663 3837 745 3903 Cum

254 3953 360 4038 glosis
388 3952 553 4038 Scipionis
580 3958 711 4019 ierrnrii

298 4069 437 4154 Georgii
458 4069 569 4133 filiido
586 4083 695 4137 moute

331 4187 456 4253 ferrato
477 4173 567 4254 anthi
582 4213 602 4255 τ
615 4211 666 4252 me

361 4307 467 4372 ‹licine
481 4307 634 4369 doctoris.
