2724 4726
723 456 758 508 ἰι

213 643 301 726 piam
323 653 435 724 petere
457 659 618 715 censeam3
643 639 705 708 hoo
728 650 835 704 tamon
858 637 1143 712 vehementissime
1168 636 1284 700 dolen-

214 759 290 822 dum
311 758 533 838 indicaverim,
550 769 586 821 et
607 769 658 823 ost
678 757 828 860 prolecto
850 756 934 860 quod
951 758 1095 841 graviter
1117 755 1284 823 interdum

215 875 287 937 iero
308 895 345 936 ac
365 895 469 958 paene
488 875 661 959 indignor,
683 855 892 950 nonnullos'
884 887 969 946 mter
991 895 1026 938 se
1046 886 1080 936 et
1100 872 1196 938 hodic
1219 871 1288 936 dis.-

215 994 338 1056 sentire
358 993 507 1072 criticos,
525 1013 585 1056 seu
606 994 851 1074 consuetudinis
871 1006 974 1055 tractu
993 1005 1026 1056 et
1046 992 1167 1054 inertia
1189 989 1289 1052 sedu-

216 1122 287 1172 ctos
308 1112 378 1172 sive
395 1109 548 1194 abreptos
569 1112 734 1197 opinionis
754 1112 869 1194 suique
892 1110 991 1174 studii
1010 1109 1159 1196 potentia
1180 1119 1214 1186 et
1233 1129 1289 1171 ar·

217 1226 318 1304 dore,
343 1226 398 1290 vel
428 1227 468 1289 de
497 1231 701 1312 gravissimis
732 1250 770 1294 ao
793 1229 959 1312 primariis
975 1224 1084 1292 rebus.
1126 1225 1177 1288 Ad
1202 1247 1288 1306 quas

217 1345 289 1427 quis
320 1357 383 1404 tam
414 1348 607 1422 temerarius
631 1359 734 1411 estut
752 1367 817 1410 non
839 1346 949 1408 videat
970 1345 1131 1429 pertinere
1153 1343 1182 1409 si
1204 1341 1286 1424 qnid

216 1457 354 1520 alludo
330 1479 469 1542 gaiorum
499 1473 747 1548 aromatumque
770 1467 985 1548 cognitionem
1008 1470 1042 1524 et
1060 1464 1200 1542 investe'g
1202 1463 1291 1521 otio·

217 1595 286 1665 ιιιιιι
299 1576 397 1653 sont'
383 1597 458 1658 ιιιιιι,
482 1600 541 1662 per
566 1602 647 1666 qnos
669 1585 790 1668 scripta
813 1593 927 1650 vetera
947 1576 1091 1660 benigno
1113 1589 1291 1678 tempesta·
1350 1593 1351 1602 ¹

218 1693 259 1753 tis
280 1692 417 1754 decursu
439 1697 478 1758 ad
502 1710 645 1760 nostram
668 1711 809 1774 aetatem
825 1716 927 1780 usque
942 1673 1184 1776 pervenerunti
1202 1693 1289 1757 Pau·

217 1811 245 1870 ci
262 1831 318 1872 eos
337 1809 502 1890 adeundos
525 1828 709 1895 suaserunt,
729 1815 900 1900 pauciores
921 1809 1083 1890 adierunt,
1100 1813 1289 1894 paucissimi

217 1927 297 1989 adeo
320 1941 355 1990 ut
370 1926 424 1992 vel
445 1929 653 2015 aequioribus
673 1932 864 1994 satisfacere
887 1939 1023 2012 possent
1040 1927 1184 2007 arbitris,
1208 1951 1289 1992 exa·

217 2045 393 2122 mirarere.
435 2045 619 2130 Principem
640 2059 748 2129 autem
768 2048 854 2108 inter
877 2044 937 2116 bos¹
959 2044 1067 2108 locum
1091 2058 1206 2128 tenent
1222 2043 1288 2108 Co-

217 2160 305 2224 dices
334 2159 437 2242 Mssl,
467 2165 655 2246 proximum
676 2163 838 2226 editiones
860 2161 993 2226 saeculo
1014 2160 1092 2224 XV.
1116 2163 1202 2245 typis
1225 2185 1287 2226 ex·

217 2280 373 2361 scriptae3
402 2293 530 2346 veteres
555 2281 784 2370 grammaticos
815 2277 866 2342 hic
892 2294 1067 2365 propterea
1095 2299 1177 2357 non¹
1194 2301 1286 2359 curo,

217 2395 301 2478 quod
324 2416 426 2479 aeque
455 2399 523 2460 sire
548 2397 678 2478 scriptis
698 2397 767 2456 sive
790 2395 959 2478 impressis
983 2392 1160 2458 Codicihus
1183 2399 1288 2460 conti·

218 2523 344 2574 nentur.
397 2510 542 2574 Plurima
577 2511 616 2572 de
642 2525 779 2596 utroque
803 2532 925 2597 genero
954 2511 1078 2595 publici
1099 2515 1178 2576 iuris
1199 2513 1289 2576 lactu

217 2641 293 2690 sunt
325 2651 344 2691 a
372 2627 644 2706 bibliothecarum
666 2629 861 2712 praefectis,
876 2650 1039 2714 perpauca
1063 2631 1101 2693 de
1131 2631 1289 2693 Codicum

216 2743 383 2838 Macrum,
413 2745 514 2826 nihil,
551 2724 705 2832 quantum
738 2743 889 2828 equidem
920 2747 1009 2828 scio,
1039 2746 1078 2822 de
1109 2747 1289 2824 editionum

217 2861 342 2924 saeculi
368 2862 446 2926 XV.
473 2844 578 2946 pretio
610 2874 644 2923 et
664 2883 736 2939 usn,
779 2861 868 2926 Hinc
891 2863 1040 2949 quantuli
1062 2864 1287 2932 aestimaveri-

216 3001 288 3042 mus
318 3001 379 3043 nos
399 2980 602 3070 antiquitatis
631 2978 774 3046 cultores
794 2982 850 3065 qni
872 2979 1034 3065 philologi
1067 3000 1220 3052 vocamur
1248 2979 1290 3050 il·

215 3092 268 3157 los
295 3095 424 3176 fontes,
456 3119 616 3182 quamque
637 3119 711 3160 raro
734 3098 776 3176 iis
797 3097 850 3170 usi
871 3098 992 3175 simus,
1014 3091 1214 3160 luculentius
1236 3121 1291 3160 co·

216 3232 367 3294 gnoseos.
411 3199 514 3276 Cuius
535 3217 584 3277 rei
604 3227 733 3292 tamen,
755 3235 968 3298 quamquam,
986 3225 1021 3274 ut
1045 3211 1083 3290 de
1105 3215 1213 3295 patria
1234 3237 1290 3279 no-

217 3339 284 3388 stra
308 3326 415 3391 dicere
443 3329 560 3418 liceat,
590 3331 704 3416 negari
734 3332 866 3415 nequit,
897 3333 973 3415 quin
996 3325 1287 3414 pulcherrimorum

215 3446 429 3529 vetustiorum
446 3446 624 3529 librorum‚'
640 3469 721 3533 quos
746 3449 923 3532 antiquitus
939 3446 1046 3516 ubivis
1063 3459 1221 3512 terrarum
1238 3467 1290 3516 so,-

215 3555 392 3632 lertissime
415 3563 619 3648 excuderunt
640 3577 821 3648 nostrates,
846 3564 971 3646 exigua
992 3560 1165 3642 admodum
1186 3583 1288 3647 penes

216 3697 276 3740 nos
297 3690 330 3740 et
355 3701 452 3786 parca
474 3683 516 3765 sit
538 3684 656 3768 eopia,
679 3686 770 3758 cuius
794 3685 845 3745 rei
867 3680 939 3762 dieo
964 3699 1028 3758 11911
1050 3681 1162 3764 inopia
1182 3679 1286 3744 solum

218 3806 273 3872 aut
293 3799 409 3860 raritas
431 3785 589 3864 librorum
611 3803 752 3864 sustinet
771 3799 914 3886 culpam,
944 3798 1032 3861 sed
1024 3798 1167 3880 iniquior
1190 3797 1287 3860 etiam

219 3907 386 3976 doctorum
407 3918 550 3996 pirorum
571 3919 747 4004 sententia,
771 3917 948 4002 secundum
974 3935 1069 4000 quam
1094 3915 1146 3994 iis,
1170 3909 1287 3997 quibus

219 4045 317 4109 aegre
339 4027 504 4098 abstinere
528 4047 712 4119 oporteret,
734 4013 832 4118 posse
854 4037 953 4117 etiam
978 4031 1129 4095 saluere
1153 4050 1215 4092 nos
1238 4051 1288 4092 ca-

219 4159 292 4224 rere
314 4149 566 4234 persuaderent,
594 4150 646 4232 ael
676 4171 757 4236 quae
789 4151 823 4212 in
848 4150 916 4214 ullo
939 4147 1063 4212 Codice
1085 4147 1206 4229 scripto
1236 4157 1288 4208 aut

221 4259 382 4366 ‚impresso
407 4263 477 4346 iure
509 4267 720 4353 improbanda
746 4267 1078 4354 deprehendissent,
1108 4263 1148 4348 ad
1179 4283 1288 4344 ornnes
