2724 4726
547 423 583 482 21

124 583 274 650 Laudant
295 585 469 648 convivae:
492 625 530 638 -·
553 584 649 652 Nunc
672 607 737 651 non
760 611 777 651 e
800 589 949 657 manibus
966 593 1047 674 illis,

116 746 212 814 Nunc
236 773 301 816 non
323 776 341 817 a
364 751 488 818 tumulo
511 753 742 841 fortunataque
762 755 880 820 favilla

113 917 301 996 Nascantur
323 921 431 985 violae
445 925 452 984 !
466 962 503 972 -
522 920 635 1000 Rider,
656 923 714 1002 ait,
725 935 758 984 et
772 921 870 983 nimis
885 920 977 982 uncia
1024 915 1100 1004 [40]

112 1081 257 1149 Naribus
276 1085 439 1170 indulges.
480 1086 535 1150 An
558 1089 621 1149 urit
645 1089 699 1172 qui
719 1086 806 1169 valla
829 1097 962 1149 recuset
1061 1089 1100 1148 55

113 1253 163 1317 Os
186 1241 301 1338 populi
322 1255 502 1333 meruisse,
528 1265 582 1338 et,
609 1255 705 1318 cadro
726 1252 825 1336 digna
846 1252 990 1333 locutus,

109 1419 279 1506 Linquere
315 1439 375 1484 nea
399 1417 566 1486 scombros
602 1423 783 1484 metuentia
827 1423 988 1497 carmina,

407 1606 467 1648 nec
490 1588 585 1650 thusi
605 1627 643 1640 -ψ

115 1752 272 1836 Quirrqui
294 1772 344 1830 aa,
362 1751 491 1815 amodo
507 1775 603 1838 quern
618 1775 664 1817 ax
678 1752 816 1815 adverso
833 1751 942 1817 dicere
959 1755 1037 1836 feei,

110 1921 188 1986 Non
203 1943 243 1984 eo
258 1940 332 1982 cunr
346 1916 467 1995 scribo,
486 1919 515 1982 si
528 1917 613 1982 forte
630 1918 706 2004 quid
720 1920 828 2002 aptius
846 1920 977 1998 exit,-
1019 1921 1098 2010 [45]

108 2088 250 2164 Quando
280 2085 360 2150 haec
386 2107 460 2148 rara
488 2087 559 2150 avis
586 2098 653 2164 ast,
677 2123 715 2132 —
747 2084 777 2146 si
802 2082 879 2174 quid
902 2095 1010 2150 tamen

403 2255 511 2338 aptius
521 2256 616 2334 v-exit,
1057 2258 1099 2317 ⁰0

25 2546 55 2597 N.
75 2545 112 2594 Y.
137 2557 202 2592 nunc
225 2541 304 2592 lentur
322 2539 352 2592 P.
380 2540 427 2591 rel.
454 2553 504 2591 nnn
533 2541 581 2592 iau.
605 2539 687 2604 sortiar
709 2535 918 2604 tt::(erasa)1.
953 2557 1004 2593 nun
1023 2544 1098 2610 impr.

24 2679 53 2730 B.
75 2677 107 2730 V.
128 2676 159 2726 L.
180 2675 226 2726 rel.
243 2689 308 2724 nauto
323 2675 383 2740 imp.
402 2687 463 2724 oran
483 2673 516 2726 G.
536 2674 568 2725 0.

93 2825 119 2861 v.
138 2805 179 2860 52.
215 2823 275 2858 num
291 2821 355 2858 amre
376 2775 474 2858 e.mm
494 2807 526 2859 A.
544 2823 610 2859 amar
627 2821 692 2859 nam
707 2820 721 2856 e
739 2819 798 2857 man
819 2807 849 2859 P.
865 2807 899 2862 N.
917 2807 952 2861 Y.
969 2823 1029 2861 num
1049 2825 1100 2860 nun

25 2943 55 2995 Β.
76 2942 110 2996 V.
126 2941 174 2992 rei
193 2953 258 2989 nunc
275 2953 334 2988 trun.

94 3091 119 3129 r.
140 3071 184 3126 53.
222 3071 293 3122 Nnrn
304 3086 354 3122 non
370 3071 401 3123 Β.
420 3070 452 3125 V.
470 3073 544 3124 Ntnrr
565 3087 630 3124 tumr
650 3075 774 3126 etumulu
791 3074 821 3126 Ρ.
840 3073 874 3126 N.
892 3075 926 3127 Y.
944 3075 1019 3127 Nunc
1035 3090 1099 3126 ntnra

26 3218 62 3262 est
79 3211 183 3261 tranuito.
201 3206 233 3259 A.
258 3206 305 3257 rel.
326 3221 391 3257 mnae
410 3222 468 3262 non.

94 3357 121 3394 v.
147 3337 191 3393 54.
214 3341 315 3390 uiolae:
344 3339 379 3392 N.
405 3341 438 3393 G.
466 3343 497 3393 R.
523 3343 556 3394 0.
578 3351 607 3395 κ.
632 3351 656 3396 2
677 3343 708 3395 C.
727 3345 762 3395 Y.
782 3345 820 3394 nit
837 3345 913 3395 trimis
929 3340 993 3416 (dei.
1012 3342 1047 3409 et)
1065 3343 1098 3397 1).

58 3471 182 3525 innutritus
198 3475 225 3523 h.
244 3469 381 3541 indulqes?
398 3473 431 3527 F.
449 3473 483 3531 E.
503 3475 538 3528 Κ
557 3476 585 3527 S.
610 3479 706 3528 rnausit
725 3475 759 3526 Κ

59 3601 205 3660 meruisse?
221 3605 254 3659 V.
271 3605 306 3659 Y.
324 3609 358 3660 rt
375 3613 397 3662 1.
427 3611 520 3677 liquere
537 3627 564 3659 a.
583 3612 609 3675 β.
630 3625 655 3675 y.
683 3603 832 3676 Linquere?
848 3606 882 3658 N.
905 3607 939 3658 G.
960 3605 991 3657 R.
1009 3605 1043 3659 Κ.
1056 3605 1098 3660 Μ.

26 3741 44 3792 1.
64 3751 92 3792 ra.
112 3737 149 3793 A.
167 3739 274 3792 trumba.
292 3741 328 3794 Μ.
348 3758 373 3810 ρ.
407 3751 448 3795 tua
466 3741 500 3794 A.
519 3743 552 3797 Κ.
573 3744 605 3797 0.
641 3739 703 3794 tus?
720 3741 749 3793 P.
777 3741 815 3792 Μ.
845 3739 879 3794 Q·
906 3738 939 3791 X.
964 3739 997 3790 Τ.
1021 3747 1050 3790 rt.
1071 3755 1097 3792 α.

30 3877 95 3928 thur.
113 3873 147 3926 N.
165 3873 195 3926 O.
222 3873 256 3926 G·
283 3869 313 3922 L.
338 3885 363 3937 ρ.
383 3878 410 3924 ².
447 3875 504 3926 tius
524 3876 556 3928 R.
573 3875 608 3928 Y.
643 3869 714 3941 feri?
732 3873 762 3930 Ia
801 3867 1100 3939 esmouo(da1.o)1(.

63 4008 88 4056 εἰ
109 4005 169 4070 qnid
185 3995 252 4069 sirie
271 4005 307 4057 Y.
343 4005 411 4070 sorte
427 4023 450 4075 q.
463 4025 488 4059 n.
509 4009 556 4058 erit
571 4005 608 4059 Μ.
627 4005 662 4059 0.
702 4007 783 4061 sertio
805 4006 844 4070 (si
860 4004 881 4069 f.
899 4005 922 4072 q.
940 4021 972 4074 a.
985 4005 1049 4071 enit)
1064 4005 1101 4064 Δ.

31 4145 113 4206 aprus
129 4139 182 4188 aaa
198 4154 222 4189 a.
241 4139 268 4205 a.
306 4137 419 4206 (quatuo
440 4141 464 4192 n.
487 4157 509 4191 a.
530 4157 555 4193 a.
576 4139 625 4208 est)
643 4139 672 4194 v.
689 4141 722 4194 Β.
740 4140 771 4190 u.
810 4138 892 4190 nunu
912 4141 966 4192 auu
984 4139 1014 4192 Ρ.
1027 4139 1100 4208 (us).
1171 4117 1183 4128 '

33 4272 127 4338 aprina
144 4268 175 4324 A.
209 4273 232 4323 ti
251 4270 311 4340 qnid
327 4251 380 4324 tunt
402 4288 427 4324 α.
444 4273 469 4340 β.
488 4289 515 4343 y.
