2724 4726
6 719 14 751 1,

13 809 21 865 q'

7 919 24 961 u]

607 485 631 565 u

87 702 253 766 liberrime
275 721 384 784 agere,
409 700 526 788 quique
548 701 659 784 iniqua
674 693 821 784 adligare
837 691 1075 782 vituperatione
1094 723 1151 784 ge*

87 821 190 883 stiunt
211 840 286 897 eoo,
312 820 367 902 qui
389 818 428 882 dc
447 818 545 880 studii
566 803 769 902 'antiquitatis
789 819 915 880 ratione
937 815 1035 899 paulo
1056 813 1152 880 aliter

22 1017 23 1026 ἵ
88 937 291 1014 sentienteS‚
313 957 378 1001 non
399 959 497 1000 unam
520 937 611 998 ducis
635 937 802 1000 cuiusdam
824 949 966 1010 tantum,
989 933 1047 995 sed
1069 933 1151 996 alias

5 1039 28 1194 bi
89 1073 217 1138 quoque
241 1053 308 1115 vias
330 1055 524 1138 scriptorum
545 1065 691 1114 veterum
711 1051 870 1137 reliquias
891 1049 1008 1115 edendi
1025 1072 1152 1114 earum·

17 1149 29 1191 a

88 1193 150 1254 quc
181 1169 342 1234 lectiones
371 1167 608 1244 constituendi,
634 1167 689 1230 vel
715 1168 903 1234 illustrandi
925 1167 1152 1255 salubriusque

5 1261 29 1319 (θ’
89 1287 250 1352 tractandi
277 1288 414 1355 inierint
436 1300 492 1353 aut
510 1287 818 1351 commendaverint.
858 1275 1059 1352 At'crimine'
1077 1310 1151 1352 meo

5 1372 26 1419 it

5 1495 26 1537 ld

7 1613 30 1654 n·

5 1711 28 1773 li·

8 1831 27 1891 ui·

5 1967 25 2010 llll

5 2089 23 2128 tt

65 1399 192 1470 'nolim
212 1424 252 1465 eo
274 1404 440 1490 progredi,
464 1417 500 1466 ut
514 1403 644 1466 modum
664 1403 830 1469 excedens
848 1407 891 1469 iis
902 1407 1075 1484 assentiar,
1097 1407 1153 1489 qui

86 1521 304 1599 contendant,
337 1523 474 1584 istorum
497 1517 689 1605 utquisque
714 1521 900 1586 doctissime
922 1519 977 1586 vel
999 1505 1152 1584 lucubra-¹

84 1637 233 1701 tionibus
263 1650 296 1698 ct
326 1637 413 1700 curis
439 1639 599 1701 diuturnis
618 1639 673 1702 vel
696 1641 875 1702 acutissimi
898 1639 1025 1720 ingenii
1046 1639 1153 1722 speci-

84 1751 230 1822 minibus
253 1751 360 1816 lucem
387 1765 421 1813 ot
442 1756 641 1836 praesidium
665 1754 739 1819 huic
760 1757 816 1822 vel
837 1753 889 1817 illi
909 1753 1089 1839 particulae
1113 1777 1151 1817 ac

85 1870 240 1944 dictioni,
269 1868 325 1933 vel
352 1872 403 1933 rei
423 1873 538 1932 usuive
561 1885 710 1936 veterum
733 1873 896 1936 attulisset
919 1872 966 1954 (id
988 1872 1072 1954 quod
1093 1870 1152 1933 ubi

83 2008 163 2048 uere
191 1987 314 2049 iactum
339 1999 410 2066 est,
445 1999 508 2049 tam
534 1986 622 2050 laeto
654 2002 687 2052 et
714 1989 850 2053 candido
870 1989 979 2050 animo
1000 1986 1151 2071 equidem

84 2124 231 2187 agnosco
253 2123 348 2187 qnam
371 2105 426 2187 qui
447 2103 626 2188 maxime),
645 2107 691 2168 ita
712 2129 787 2171 eum
807 2107 1013 2190 potissimum
1037 2125 1150 2168 exem·

7 2209 20 2245 l*
84 2219 137 2304 pli
157 2233 191 2282 et
209 2219 324 2285 iudicii
345 2221 396 2280 sui
414 2222 604 2303 auctoritate
626 2224 686 2284 toti
709 2226 772 2286 arti
793 2226 923 2287 criticae
938 2223 1152 2306 impedimen·
1216 2239 1218 2243 ·

5 2325 22 2440 q·
83 2351 154 2400 tum
175 2337 292 2398 nedum
310 2335 538 2398 deti-irruentum
556 2339 708 2422 ingratiis
722 2352 897 2424 propterea
912 2337 1044 2418 fecisse,
1066 2337 1152 2424 q¹¹⁰d

85 2455 210 2525 exinde
239 2451 323 2515 alios
341 2451 428 2514 haud
452 2475 593 2536 paucoS‚
616 2457 671 2539 qui
692 2477 756 2519 non
780 2468 846 2518 tam
868 2468 1038 2519 emunctae
1061 2455 1150 2516 naris

6 2561 20 2596 ³'
81 2574 242 2648 fuissent,
265 2568 408 2630 taedium
429 2569 572 2652 cepisset
591 2573 703 2654 magni
722 2573 871 2654 profecto
895 2586 928 2634 et
948 2573 1084 2636 subinde
1107 2573 1151 2632 si-

8 2676 18 2711 '⁵'
82 2710 127 2752 ne
160 2687 269 2752 fructu
299 2681 429 2745 molesti
450 2681 574 2750 laboris
596 2687 707 2751 fontes
729 2688 870 2751 adeundi
891 2690 1030 2773 indeque
1053 2689 1152 2750 etiam

6 2799 18 2830 ‘²'
82 2805 229 2892 aliquam
249 2800 364 2865 salutis
385 2814 512 2882 partem
534 2806 747 2888 scriptoribus
771 2807 872 2867 enixe
895 2805 1078 2892 hauriendi.

170 2928 295 3018 Ecquid
318 2935 434 2996 deinde
459 2935 563 2998 dicam
584 2935 623 2998 de
652 2938 687 2999 vi
708 2939 894 3020 opinionisi
938 2935 1068 3012 Quanta
1089 2939 1152 2999 uti·

7 3030 14 3064 *
82 3073 149 3164 que
181 3071 240 3136 per
267 3050 340 3134 plus
370 3073 465 3136 quarn
495 3052 576 3115 haec
599 3055 662 3114 tria
686 3075 768 3138 quae
789 3053 903 3138 elapsa
924 3067 1001 3118 sunt
1020 3050 1152 3116 saecula

80 3171 279 3235 iudiciorum
303 3169 465 3235 dissensio
488 3180 521 3230 et
537 3167 755 3254 discrepantia
771 3169 810 3232 de
827 3169 937 3236 verbis
953 3170 1050 3232 unius
1066 3169 1153 3230 eius-

84 3290 225 3374 demque
248 3287 416 3368 conspicui,
435 3298 553 3370 poetae
575 3299 630 3349 aut
648 3307 767 3370 prosae
789 3285 998 3372 eloquentiae
1022 3287 1150 3349 decoris

5 3410 9 3418 “’
81 3403 286 3467 historiaeve
309 3403 494 3484 scriptoris,
528 3405 656 3466 iteratis
677 3406 763 3467 curis
786 3405 937 3486 castigati
958 3417 991 3467 et
1012 3422 1152 3466 sexcen-

6 3514 10 3522 ”
83 3522 152 3582 ties
180 3517 221 3580 ad
245 3521 441 3602 optimorum
469 3517 628 3582 librorum
661 3519 716 3604 (an
739 3522 957 3604 eorumdeml)
980 3517 1079 3580 fidem
1099 3536 1152 3578 rc-

4 3631 7 3638 *
82 3637 222 3700 censiti!
271 3633 403 3708 'Qtranta
425 3659 522 3721 porro
547 3635 718 3702 diversitas
739 3642 918 3718 rationum,
944 3635 1060 3721 quibus
1085 3635 1153 3694 sin-

5 3750 8 3760 ’
85 3751 161 3838 guli
183 3755 238 3836 qui
261 3767 364 3816 artem
387 3756 532 3818 criticam
553 3766 772 3816 exercuerunt
791 3765 1003 3824 eleuet-cent,
1025 3758 1153 3824 textum

85 3882 187 3954 quem
207 3858 325 3931 vocant
338 3855 446 3931 tutius
469 3871 731 3934 constituendum
753 3883 948 3934 curaverunt
970 3879 1003 3926 et
1023 3863 1152 3926 curant!

85 3985 192 4072 Atqui
211 3984 362 4068 equidem
382 3996 505 4047 tantum
529 3983 634 4065 abest,
654 3999 690 4048 ut
710 3988 902 4051 iudiciorum
926 3981 1097 4046 dissidium
1117 3981 1154 4040 in
1211 3975 1225 4016 Γ

88 4101 232 4186 singulis
263 4101 346 4164 locis
375 4103 569 4185 scriptorum
597 4115 688 4198 vett
703 4102 788 4166 mrile
810 4100 947 4164 adfectis
967 4097 1024 4162 aut
1040 4116 1153 4179 persa-

86 4219 286 4283 {candicant
308 4217 786 4303 illustrandisreprehendam,
811 4229 846 4279 ut
867 4219 966 4282 etiam
984 4215 1154 4275 literarum

88 4337 319 4418 cqmmercium
342 4335 519 4400 maximam
540 4333 733 4406 incrementi
752 4333 825 4398 inde
845 4346 877 4396 et
902 4325 1078 4392 alacritatis
1101 4341 1154 4381 cc·

903 4463 922 4502 a
937 4445 950 4512 ἴ
