2724 4726
737 403 778 462 32

315 617 474 684 Claudere
493 613 541 676 sic
560 605 672 670 didicit
687 621 835 668 versum:
862 593 947 674 „Be
960 614 1002 656 re
1016 587 1213 674 cynthius

579 773 730 855 Atys‚“

221 1047 274 1102 hus
295 1043 328 1096 ad
350 1003 411 1094 Tib.
436 1033 470 1102 1,'
488 1038 519 1101 2,
538 998 579 1084 il.
600 1024 653 1085 Qui
677 1013 765 1078 coorta
781 1027 877 1088 legunt,
895 1019 962 1072 iuter
982 1031 1045 1085 quos
1061 1007 1222 1080 Foquelinus
1239 1011 1284 1070 est,

221 1179 331 1232 emoreris
349 1173 505 1236 coniungunt
527 1179 584 1228 curn
610 1161 707 1213 trudis:
725 1173 814 1225 „quus
833 1153 925 1207 crudos
943 1151 1064 1218 appellas,
1082 1153 1111 1198 tu
1127 1139 1232 1197 Persi.“
1254 1140 1289 1192 sic

222 1311 342 1364 Britann.-
362 1322 439 1375 quem
462 1303 565 1354 Fertur.
593 1296 635 1350 ar.
660 1292 685 1344 h.
715 1293 733 1344 1.
754 1286 904 1354 exscripsit,
922 1283 1085 1338 BadiusAsc.
1105 1285 1131 1334 et
1151 1278 1207 1332 aiii.
1241 1277 1290 1327 At-

226 1445 281 1494 dito
298 1438 360 1492 milri
378 1451 429 1492 non
445 1436 582 1503 probatur,
604 1444 688 1496 neque
708 1430 794 1479 tamon
811 1435 915 1488 prorsus
933 1417 1021 1485 inepta
1036 1393 1139 1471 viditur
1157 1411 1291 1465 couteren-

222 1576 351 1631 suoru
369 1541 408 1626 Α.
419 1573 449 1624 r.
468 1586 493 1624 v.
510 1561 625 1620 47-492

391 1707 495 1760 Diceris
512 1701 615 1768 eprepie,
633 1701 719 1746 uotum
736 1694 760 1742 si
778 1689 865 1740 colli
873 1689 913 1739 clo
929 1681 1030 1740 uectum

296 1882 299 1892 .
389 1839 539 1893 Reddiderit
554 1838 712 1887 iunctura
728 1839 825 1876 nouom.
844 1824 875 1874 st
889 1823 957 1887 sorte
972 1837 1071 1874 neccsse
1087 1829 1125 1872 est

393 1959 498 2054 mediatis
515 1975 657 2022 nrorutrure
672 1959 810 2014 reuertitur
835 1953 1062 2006 abdiraman.

228 2119 330 2179 locum,
357 2108 402 2178 qui
426 2109 544 2158 nasutum
569 2095 748 2151 Casaubonum
771 2087 863 2152 effugit
888 2088 915 2138 in
928 2085 1053 2138 Persiana
1068 2085 1159 2135 Horat.
1184 2084 1253 2138 imit.
1270 2103 1293 2151 p.

227 2244 287 2302 534.
312 2244 443 2307 Fortium,
472 2237 516 2308 qui
539 2235 630 2287 habet:
660 2221 974 2290 permutationum
992 2217 1082 2267 additu
1100 2216 1195 2282 crudis,
1214 2218 1295 2284 pluri.

227 2381 263 2433 mi
289 2375 371 2432 secuti
393 2379 452 2428 sunt
475 2369 526 2426 riri
544 2363 620 2429 docti,
642 2367 671 2413 ut
694 2359 826 2416 Passow.,
852 2351 968 2414 Weber,
993 2349 1086 2412 Pium,
1111 2347 1197 2400 itaut
1216 2353 1297 2408 verbo

230 2514 314 2566 omittis
332 2503 482 2561 substantivi
498 2505 556 2554 loco
573 2500 693 2564 putarent
710 2487 855 2558 oppositum
870 2489 965 2532 coctum
977 2496 1003 2534 v.
1020 2479 1078 2534 111.
1092 2479 1131 2546 (et
1150 2480 1297 2549 teterrimi)

230 2647 284 2699 Sed
307 2603 455 2707 utrumque,
484 2636 562 2687 decor
588 2634 615 2682 et
639 2627 769 2684 iunctura,
791 2614 903 2684 pertinet
926 2613 959 2663 ad
986 2629 1105 2666 numeros
1123 2616 1216 2666 crudos
1234 2617 1253 2669 i.
1275 2633 1299 2668 e.

230 2817 248 2845 ‚,
258 2792 347 2831 versu
369 2769 508 2838 impolitos,
518 2767 534 2794 “
558 2763 699 2828 interprete
725 2750 855 2813 Mamilio,
876 2746 904 2798 id
930 2746 998 2813 quod
1024 2746 1118 2798 adnexi
1134 2749 1238 2800 numeri
1252 2750 1301 2801 do-

231 2916 306 2976 cent,
325 2905 369 2976 qui
387 2901 489 2956 nonnisi
505 2905 604 2950 emotae
622 2896 700 2954 sunt,
717 2888 834 2938 iunctura
851 2884 975 2933 carentes.
1008 2877 1138 2946 Equidem
1158 2867 1218 2942 ips'e
1236 2879 1304 2931 oiim

231 3040 426 3098 disiunctionem
451 3035 526 3086 huius
551 3044 640 3084 versus
657 3021 765 3094 probari
783 3025 809 3072 et
831 3015 941 3080 legiter
963 3014 1077 3063 irurctoru
1094 3012 1184 3063 noctus
1205 3016 1301 3066 cardis.

233 3179 299 3234 conf.
317 3174 384 3228 Plin.
398 3170 433 3221 H.
449 3167 484 3218 N.
501 3160 623 3224 XXXVI,
647 3158 672 3210 6.
700 3169 812 3206 murator
835 3149 863 3200 in
884 3151 982 3199 crustas
1006 3159 1095 3198 secoro
1119 3149 1146 3197 et
1164 3145 1300 3199 XXXVIP

234 3308 265 3362 i:
284 3275 392 3358 odacrus
409 3297 438 3349 in
453 3303 507 3350 tam
523 3307 615 3363 parvas
630 3285 756 3350 frangitur
773 3285 880 3333 crustas.
899 3279 960 3334 vide
980 3279 1014 3332 du
1031 3279 1130 3330 Fresue
1146 3279 1257 3342 glossar.
1277 3283 1303 3330 et

234 3443 343 3494 Salmas.
363 3433 397 3486 ad
414 3427 529 3482 Trebell.
555 3420 665 3475 Pollion.
693 3419 721 3470 in
747 3414 838 3469 Claud.
856 3428 878 3465 c.
904 3415 945 3466 18.
961 3411 1097 3473 Cornutus,
1112 3373 1257 3477 particulae
1279 3419 1301 3461 et

233 3576 304 3628 nulla
318 3568 418 3621 ratione
435 3561 543 3620 habita,
569 3556 659 3608 falsam
686 3545 898 3603 constructionem
919 3543 1022 3598 statuit:
1049 3543 1191 3610 „muneris
1215 3543 1302 3594 crudis

235 3706 324 3760 addita
349 3697 467 3752 iunctura
491 3695 569 3746 decor
587 3693 636 3754 est,
663 3685 786 3738 honorem
810 3679 915 3733 affert.“
956 3677 1070 3729 Meister.
1096 3675 1124 3727 in
1144 3676 1302 3728 Commentt.

237 3839 295 3890 Soc.
314 3836 402 3904 philol.
423 3829 494 3896 Lips.
511 3826 569 3877 Vol.
586 3825 666 3888 11..p.
684 3820 742 3872 103.
762 3816 829 3868 male
847 3812 885 3866 ite
904 3811 1020 3864 membra
1037 3807 1161 3860 disiunxit
1175 3805 1237 3859 :sed
1255 3820 1303 3854 nu·

237 3968 315 4019 meris
334 3968 411 4018 decor
428 3968 482 4027 est;
510 3965 536 4012 et
556 3961 685 4017 teutonus,
711 3949 798 4004 addita
822 3946 922 4012 crudis,
939 3942 1068 3996 Claudere
1085 3939 1122 3992 sio
1137 3939 1227 3990 diction
1247 3935 1306 4001 (do

240 4097 305 4160 cuit,
323 4091 444 4156 monuiti)
462 4109 572 4146 versum.
612 4084 675 4140 Nori
694 4082 831 4151 quidquam
848 4083 961 4141 tentare,
979 4089 1063 4142 neque
1079 4069 1195 4135 crudus,
1221 4081 1306 4134 neque

241 4225 366 4284 Grudrma,
383 4236 467 4285 neque
483 4222 573 4287 didici,
591 4234 705 4286 neque..
717 4254 724 4269 .
736 4251 759 4279 .,
783 4211 861 4262 modo
886 4206 1023 4258 lectionem
1047 4199 1210 4255 sanissimam
1227 4208 1307 4255 recte,
