2724 4726
759 441 862 528 io¹

335 599 491 722 Ingentes
511 637 672 723 trepidare
691 633 798 709 Titos
821 654 894 698 cum
914 637 1056 696 carmina
1069 632 1212 696 lumbum
1240 635 1310 720 [20]

335 806 473 881 Intrant,
492 813 525 863 ot
547 801 688 866 tremulo
710 803 899 887 scalpuntur
919 801 976 864 ubi
998 802 1113 863 intima
1130 823 1236 865 vorsu.
1273 808 1310 872 35

338 968 434 1048 Tun’,
454 966 582 1046 uetulc,
603 966 757 1031 auriculis
777 967 895 1030 alienis
909 967 1051 1068 colligis
1073 965 1214 1032 oscasl'

337 1130 516 1210 Auriculis‚
533 1129 649 1214 quibus
672 1145 707 1193 et
728 1131 816 1193 dicas
836 1146 908 1194 culo
930 1133 1093 1216 perditus,
1114 1133 1192 1196 ohe!

340 1297 426 1374 Quid
456 1300 627 1378 didicisse,
657 1297 721 1360 nisi
751 1295 812 1358 hcc
837 1296 1050 1378 fermentum,
1085 1313 1119 1364 et
1156 1323 1235 1386 quae

614 1464 716 1528 semel
743 1467 830 1528 inlus

259 1629 465 1640 ———--—-———

323 1767 348 1802 v.
368 1747 409 1800 34.
446 1765 500 1800 com
517 1756 627 1804 scriniolo
645 1752 676 1804 Ρ.
714 1757 779 1814 tylos
796 1751 828 1804 Q.
859 1753 919 1802 litos
936 1766 992 1800 cuns
1009 1750 1040 1799 R.
1058 1757 1087 1800 ct
1112 1753 1138 1802 in
1153 1755 1214 1802 tinio
1229 1751 1262 1803 Κ.
1284 1751 1317 1801 'cl

255 1884 334 1934 inlini.
355 1882 387 1932 R.
406 1879 443 1930 A.
461 1889 505 1932 nni
523 1885 615 1934 iocimn
637 1883 670 1934 G.
688 1885 767 1948 scnlp.
782 1887 872 1934 intimo
889 1881 951 1948 (del.
969 1881 1023 1945 odi)
1046 1882 1078 1932 Ο.
1097 1889 1180 1932 lenerc
1196 1884 1277 1947 scnlp.
1291 1882 1318 1931 P.

324 2029 348 2067 v.
367 2015 409 2065 36.
448 2017 502 2064 lion
518 2017 597 2066 vetule
616 2017 648 2069 Q·
666 2015 698 2064 X.
717 2034 749 2066 o.
776 2017 808 2067 0.
826 2017 856 2068 P.
877 2016 908 2066 Α.
936 2016 968 2065 R.
989 2015 1020 2064 F.
1046 2022 1097 2064 inm
1117 2015 1217 2064 uolselnc
1233 2013 1267 2063 K.
1288 2011 1318 2061 A.

257 2159 282 2209 y.
317 2140 389 2194 toni?
416 2150 466 2194 sect.
493 2159 517 2209 o.
556 2151 601 2195 ion
625 2147 724 2196 ccelulne
746 2144 780 2195 N.
807 2145 840 2196 G.
867 2155 898 2196 lo.
923 2153 950 2198 n.
993 2155 1049 2197 ionic
1066 2153 1115 2196 oei.
1132 2147 1165 2196 Τ.
1201 2161 1276 2196 oscas
1291 2137 1319 2197 'S.

257 2279 290 2328 D.
310 2277 341 2328 E.
362 2277 394 2328 K.
413 2293 438 2343 ρ.
457 2285 487 2328 bs.
526 2293 610 2330 oscos:
633 2278 665 2330 H.
685 2279 717 2330 Ο.
739 2279 788 2330 .Y.
806 2280 840 2331 Δ.
875 2289 1010 2333 assensn·
1049 2240 1157 2330 aescae?
1177 2279 1209 2332 V.
1249 2296 1319 2331 esca:

257 2409 288 2459 R.
312 2411 359 2459 rel.
377 2405 469 2458 escas?

324 2558 351 2593 v.
369 2540 410 2592 37.
444 2537 584 2595 omneis?
599 2542 633 2594 H.
668 2547 787 2597 cocleolis
804 2544 836 2598 A.
862 2545 893 2596 V.
911 2543 1115 2612 (inconstanter).

291 2694 338 2746 per
356 2678 424 2730 dilus
443 2670 504 2726 cna?
523 2675 556 2728 Y.

327 2844 351 2879 v.
373 2826 416 2878 38.
439 2823 510 2885 Qcid'
525 2824 642 2874 didicisse
660 2821 750 2875 iconi?
771 2810 822 2875 nisi
833 2821 863 2875 V.
883 2822 929 2889 (ox
950 2825 1035 2889 glossa
1052 2823 1084 2876 of.
1103 2824 1167 2876 Cod.
1179 2825 1241 2876 Par.
1260 2825 1324 2890 Reg.

257 2958 347 3022 eoin).
378 2957 431 3018 Quo
450 2955 567 3006 didicisse
585 2954 619 3004 Y.
657 2939 857 3016 'cainonense
871 2974 896 3007 a.
942 2957 1007 3019 oin
1024 2953 1163 3010 ciniensi?
1188 2957 1223 3008 N.
1246 2957 1282 3010 G.
1296 2959 1323 3009 n.

258 3092 342 3165 nil-1.
362 3093 389 3144 S.
409 3091 443 3142 K·
474 3091 531 3142 Rel.
551 3091 610 3157 qnid
630 3091 747 3141 didicisse
767 3098 811 3140 neit
829 3105 852 3157 q.
868 3090 985 3142 didicisse
1001 3119 1014 3128 -
1031 3098 1090 3142 cni:
1109 3087 1219 3140 Plurimi
1243 3090 1323 3142 Codd.

257 3226 309 3286 leg.
338 3224 398 3289 quid
424 3223 541 3272 didicisse
564 3221 628 3272 Cod.
654 3220 727 3274 Bodl.
752 3220 797 3270 illo
820 3222 930 3284 glossam
954 3223 1075 3286 praebet:
1102 3235 1156 3285 „cc
1177 3221 1200 3273 si
1227 3223 1323 3274 diceret

258 3370 308 3420 qno
325 3368 411 3404 oceno.
439 3351 473 3402 ad
495 3353 594 3419 quod.“
619 3355 704 3420 qood
727 3351 779 3402 did.
806 3347 866 3402 oum*
881 3351 972 3404 eadem
1002 3353 1087 3415 glossa
1119 3351 1233 3405 offerunt
1262 3355 1324 3405 Cod.

259 3483 336 3550 Corp.
360 3481 457 3535 Christi
483 3483 551 3536 Coll.
571 3485 655 3536 Oxon.
682 3489 708 3536 ei
736 3486 794 3535 Par.
814 3485 879 3547 Reg.
897 3482 983 3541 80493
1006 3497 1063 3532 oum
1083 3485 1179 3546 glossa:
1199 3490 1233 3538 ad
1256 3489 1324 3554 qnid.

260 3617 320 3667 Par.
340 3617 405 3680 Reg.
423 3613 506 3680 8048,
536 3621 562 3667 et
588 3615 683 3679 absqnc
710 3615 744 3676 gl.
768 3613 828 3664 Par.
846 3613 910 3678 neg.
928 3615 1003 3668 8272.
1025 3631 1090 3682 ocio
1110 3617 1162 3669 did.
1180 3621 1243 3672 Por.
1264 3622 1326 3685 Reg.

258 3746 334 3801 6487.
371 3747 441 3803 Quid
460 3745 482 3797 si
506 3718 608 3810 legores
630 3745 672 3811 qni
695 3744 712 3795 i.
738 3725 773 3796 es
789 3760 845 3809 cur,
873 3759 966 3810 quare,
1002 3745 1096 3814 quippe
1122 3755 1210 3800 natum
1237 3757 1328 3816 putans

259 3881 318 3944 occid
341 3883 385 3928 ant
415 3890 449 3925 ex
474 3874 559 3938 glossa
584 3880 628 3926 aut
651 3890 685 3926 ex
716 3874 799 3942 prima
822 3875 860 3928 lit.
885 3878 956 3930 vocis
975 3880 1098 3949 subsedi
1126 3882 1191 3935 conl.
1212 3888 1268 3949 111,
1289 3884 1328 3938 60.

260 4009 300 4073 (et
325 4007 352 4058 in
381 4006 607 4077 quod-dirim).
648 4009 745 4062 Vocem
762 4023 809 4074 qno
839 4015 898 4064 ente
926 4013 1014 4081 diiiyis
1045 4013 1073 4066 in
1099 4016 1217 4083 plurimis
1246 4017 1328 4069 Codd.

258 4139 320 4189 Mss.
349 4143 375 4189 et
400 4140 471 4191 editt.
500 4144 562 4192 vett.
592 4137 694 4193 obviam
729 4141 848 4209 equidem
874 4145 976 4199 vindico
1007 4147 1055 4198 hac
1083 4149 1250 4203 oouieolura:
1291 4149 1331 4198 Esl

191 4319 197 4324 ,
257 4273 353 4335 olinitid
386 4299 420 4311 -
455 4288 502 4339 qtco
522 4275 622 4340 lendis,
647 4283 670 4328 el
699 4292 749 4339 on,
783 4292 831 4342 (μιο
853 4281 942 4345 ilicinis
970 4279 1080 4332 arciens?
1116 4281 1147 4334 of.
1171 4281 1248 4345 Virg.
1281 4280 1326 4331 ccl
