2724 4726
736 447 819 498 ΗΠ

290 648 343 710 ni.
362 639 431 706 *M-
455 655 524 702 eun
545 633 1012 702 autumniautumni
1031 643 1063 700 et
1083 633 1178 700 Buri.
1194 627 1320 699 Fontie’.

251 760 480 844 „mumma
507 753 651 817 Venetiie
667 773 727 838 per
748 751 986 818 Bel-nardinum
1007 749 1174 817 bonolium
1193 747 1323 834 Pergo-

181 871 184 878 ’
249 893 398 939 moenem
415 883 450 934 et
467 867 648 934 mattheum
669 891 841 956 capceson
859 870 1072 934 Parmanaem
1093 887 1178 930 auno
1200 867 1323 930 natiui-

249 994 327 1057 tatis
348 990 481 1053 domini.
502 985 820 1051 ilicone-Luxu.
836 969 901 1050 -die
915 989 977 1068 jjj.
998 985 1183 1070 Angusti.“
1207 981 1323 1047 libert.

254 1131 288 1175 n.
312 1105 427 1174 tontt.
469 1103 563 1175 Haec
591 1102 641 1166 ed.
669 1113 722 1164 ebt
745 1103 852 1186 prima
880 1114 1012 1182 aarum,
1041 1121 1124 1184 quoe
1147 1097 1326 1165 Commen-

254 1229 357 1293 urion
378 1221 568 1286 Britannici
585 1226 622 1282 et
637 1213 757 1282 Fontii
769 1220 960 1278 coniunctos
980 1216 1157 1278 continent.

296 1363 348 1422 23.
360 1359 416 1414 ἀ.
440 1350 536 1416 Pauli
557 1349 635 1436 (sic)
655 1349 765 1414 Flacci
778 1344 885 1408 Persii
899 1355 996 1427 poete
1016 1341 1206 1427 Satyrorum
1228 1369 1327 1432 opus.

252 1475 329 1540 Joo.
358 1467 551 1530 Britannici
581 1463 734 1526 Brixiani
769 1459 1006 1526 commentarii
1041 1462 1077 1523 in
1104 1460 1258 1526 Persium
1296 1480 1328 1528 et

254 1581 469 1654 Bartolomeii
489 1577 603 1641 Foncii
626 1577 701 1662 (sic)
720 1580 756 1644 in
775 1579 890 1644 Persio
920 1578 1155 1640 commentarii.
1179 1576 1326 1662 Impres-

255 1725 327 1768 sum
348 1709 477 1780 sumptu
500 1692 746 1776 diligentissimi
768 1697 832 1757 uiri
856 1693 995 1758 Ioannis
1025 1695 1066 1756 dc·
1085 1691 1238 1758 Tridino.
1262 1694 1326 1758 Re·

254 1818 422 1902 cognitum
442 1830 521 1874 uero
545 1812 799 1897 ao*castigatum
820 1811 860 1875 ab
878 1811 1120 1898 {eruditissimo
1141 1811 1214 1873 uiro
1237 1807 1326 1876 Bor·

255 1913 433 2000 tholomaeo
451 1927 588 1994 Merula
609 1927 801 1993 Mantuano.
836 1928 933 1998 Anno
959 1951 978 1992 a
1009 1925 1112 1991 natali
1133 1925 1323 1994 christiano.

246 2049 527 2113 ·M.oocc.xcuu.
552 2043 604 2106 die
633 2063 730 2106 xnu.
747 2032 959 2128 Felbi'uarii.
998 2043 1169 2128 Regnante
1200 2044 1323 2127 inclyto

247 2181 295 2228 ac
331 2159 547 2227 faelicissimo
582 2161 731 2246 pniucipe
766 2137 953 2246 Augustino
988 2159 1181 2227 Borbadioo.
1209 2159 1323 2224 libert.

249 2300 288 2346 a.
318 2283 432 2348 16248.

301 2415 419 2498 24*ss-
456 2409 622 2498 Repetitio
656 2411 810 2499 editionis
844 2413 1008 2492 anteced,
1047 2411 1162 2476 eodem
1192 2411 1323 2477 Merula

255 2532 455 2616 castigante,
478 2543 581 2594 const.
602 2537 655 2595 49.
677 2551 743 2593 non
765 2533 806 2594 5‘0
826 2528 929 2607 sollio,
946 2527 1026 2616 qua'c
1046 2529 1186 2593 arabicis
1211 2551 1323 2593 nume·

256 2652 304 2715 ris
324 2660 436 2712 notata
457 2659 542 2711 aunt.
585 2645 624 2711 In
645 2643 712 2710 fine
735 2647 857 2729 scripta
885 2659 961 2710 sunt
983 2646 1081 2722 ha'ec3
1105 2644 1324 2732 lmpruessum

262 2764 573 2848 Venetiia'sumptu'
594 2761 725 2827 Nobilis
753 2759 828 2824 Viri
865 2759 1001 2826 Domini
1030 2762 1204 2826 Octauiani
1233 2761 1326 2825 Secti

256 2882 341 2946 ciuis
363 2875 619 2945 Modoetiensist
642 2901 701 2964 per
721 2877 918 2961 Magistrum
940 2879 1119 2943 Antonium
1135 2879 1172 2941 de
1186 2876 1324 2963 Gusago

188 3055 197 3077 ,
253 2971 442 3061 Brixiitcm
461 2991 678 3080 Recognitum
700 3013 779 3060 vero
799 3015 836 3058 ac
855 2999 1048 3080 castigatum
1079 2995 1118 3059 ab
1141 2994 1325 3058 eruditissi-

257 3135 312 3178 mo
338 3115 411 3176 uiro
432 3109 693 3176 'Bartholomaeo
722 3111 1053 3178 Merula‘Matuano.
1095 3109 1244 3194 Regnnte
1276 3115 1324 3174 iu-

257 3227 343 3311 clyto
364 3245 401 3290 a‘c
422 3225 637 3292 faelicissimo
660 3232 783 3313 piicipe
808 3229 994 3313 Augustino
1010 3229 1203 3293 Barbadico.
1227 3229 1322 3292 Anno

256 3341 405 3409 Domini.
436 3351 531 3410 1497.
552 3346 625 3411 die.
646 3351 699 3410 28.
723 3343 941 3430 septembrio.
953 3349 974 3384 “
1005 3345 1119 3409 Edant.
1150 3366 1183 3406 n.
1205 3351 1323 3408 16250.

300 3477 415 3559 25³7,
435 3473 600 3554 ,‚'l'e1·sius
622 3497 694 3546 cum
715 3477 820 3542 tribus
842 3467 1059 3542 contentatiis.
1079 3475 1166 3560 (sic).

388 3568 527 3657 Cornuti
542 3592 738 3678 phylosophi
759 3595 830 3656 eius
847 3593 1049 3678 preceptoris
1069 3597 1275 3660 obittcntarii.

319 3715 341 3788 J
376 3705 519 3794 loannis
540 3707 733 3776 Britannici
741 3699 895 3775 Briiiani
915 3707 1118 3772 comentarii.

256 3867 465 3886 *u*-

256 3963 314 4016 Eee
333 3954 477 4032 editiones,
502 3963 594 4034 quibus
621 3963 757 4020 asteriacus
777 3967 818 4018 eat
842 3959 990 4030 praefixus,
1009 3959 1037 4012 in
1064 3957 1220 4012 bibliotheca
1241 3963 1322 4016 Dres-

254 4045 329 4099 densi
350 4048 525 4104 adservantur.
563 4049 624 4102 Nou
638 4063 742 4116 possum
754 4062 807 4100 non
822 4042 926 4116 publica
943 4041 1020 4094 laude
1037 4041 1090 4095 iam
1107 4041 1232 4097 hocloco
1251 4063 1323 4099 com-

258 4145 403 4184 memorare
423 4133 504 4186 valde
520 4131 659 4192 bumeuum
682 4136 709 4184 et
729 4135 857 4197 promtum
882 4127 995 4180 animum
1012 4125 1124 4180 virorum
1152 4140 1258 4194 eorum,
1280 4130 1324 4198 qui

254 4211 330 4268 buius
353 4215 424 4268 urbia
447 4223 570 4282 praesunt
589 4213 775 4277 bibliothecae,
801 4227 868 4279 quae
892 4211 996 4276 Eberti,
1028 4208 1200 4294 bibliognogbi
1223 4215 1322 4280 magni,

249 4296 372 4366 auspiciis
388 4297 492 4366 ganda.
