2724 4726
732 363 774 420 26

277 605 278 608 η
378 559 461 622 Eeoe
483 559 577 622 modo
601 558 721 622 heroes
749 581 865 622 sensus
886 563 1003 624 afferre
1023 562 1170 624 videmus

307 722 433 808 Nugari
454 726 570 790 solitos
592 722 738 805 Graece,
765 746 824 788 nee
846 747 967 809 penore
991 727 1098 790 lucum
1210 723 1286 812 [70]

311 892 478 974 ArtifioeS,
501 915 560 956 nee
581 915 638 957 rus
659 907 804 957 saturum
825 893 979 973 laudere,
997 893 1054 956 ubi
1075 892 1204 972 umber,
1250 899 1289 957 85

309 1063 351 1126 Et
369 1063 480 1138 foere,
503 1073 536 1122 et
555 1030 662 1144 porei,
686 1073 718 1124 et
746 1063 876 1124 fumosa
893 1057 1013 1120 Palilia
1035 1058 1145 1136 foeno,

308 1232 403 1294 Vnde
427 1229 548 1292 Remus
566 1227 745 1310 „sulcoque
766 1239 875 1288 terens
897 1224 1040 1290 dentalia
1064 1223 1211 1309 Quincti,

311 1398 416 1474 Quem
439 1393 566 1477 trepida
586 1405 660 1454 ante
679 1391 781 1454 boves
803 1391 994 1457 dictatorem
1017 1395 1122 1456 induit
1140 1415 1240 1475 uxor,

250 1577 453 1588 -ω-υμ--α-ι

223 1687 336 1738 Persou.
352 1683 437 1735 refert.
454 1700 478 1749 p.
497 1683 564 1735 291:
582 1681 636 1732 bie
652 1681 718 1745 nus
731 1683 820 1731 Reiz
833 1683 905 1730 luere
923 1681 965 1730 dte
981 1677 1112 1744 Auspaocn
1129 1681 1292 1733 duremur.

221 1818 284 1868 Post
302 1816 420 1868 Reizium
443 1815 574 1869 novissimi
598 1815 710 1867 editores
727 1829 817 1867 omnes
832 1813 984 1877 adoptarunt
1007 1812 1065 1862 leot.
1083 1816 1153 1878 vulg.
1171 1817 1292 1881 videmus,

221 1965 285 2002 eane
308 1950 433 2016 aptiorem
455 1948 687 2015 (ecce-videmus)
715 1953 741 1999 et
758 1945 937 2012 antiquiorem.
961 1946 1024 1998 Cod.
1042 1948 1119 1998 Bern.
1138 1947 1198 2000 257.
1217 1949 1294 2001 oflert

221 2097 275 2136 vor.
292 2083 350 2132 leot.
370 2083 426 2145 „vel
442 2079 572 2130 videmus“
586 2078 734 2144 adspersam
753 2095 768 2128 a
787 2087 810 2150 t.
830 2095 864 2128 m.
887 2079 966 2128 verbo
987 2079 1110 2128 docentur.

220 2223 223 2232 “
289 2231 313 2268 v.
330 2211 372 2266 85.
399 2219 573 2268 sotmunrr'us
591 2214 623 2266 A.
641 2215 713 2280 proci
732 2212 764 2262 F.
783 2212 881 2279 purilio
901 2211 935 2266 Q.
952 2211 1043 2276 ΧἾΤ.
1062 2212 1095 2262 0.
1111 2229 1136 2263 a.
1155 2213 1180 2278 β,
1199 2231 1225 2278 y,
1244 2235 1294 2283 pa.

223 2352 280 2400 tt'lio
296 2348 354 2412 feno
372 2349 403 2397 C.
422 2363 446 2412 p.
463 2347 559 2410 protetio
577 2345 607 2397 V.

255 2484 335 2550 quinti
351 2496 419 2532 oum.
437 2487 530 2530 terrene
548 2475 796 2543 (rasurazterrons
815 2477 845 2528 V.

290 2635 315 2672 v.
332 2592 454 2670 eoseum
469 2623 533 2682 trep.
547 2615 580 2666 N.
604 2613 634 2665 C.
652 2613 686 2664 G.
703 2611 740 2663 M.
758 2613 791 2663 0.
810 2613 842 2666 Q.
863 2612 896 2662 X·
916 2613 949 2664 Τ.
968 2629 994 2664 α.
1012 2615 1039 2678 β.
1059 2630 1083 2677 y.
1100 2630 1124 2681 p.
1138 2617 1215 2677 Quem
1226 2626 1295 2685 trop.

222 2755 252 2805 P.
280 2753 312 2804 A.
337 2753 367 2802 Β.
393 2751 428 2801 Ι).
454 2749 495 2800 lt'
512 2747 545 2800 E.
577 2747 608 2800 V.
632 2747 663 2800 L.
693 2747 728 2799 Y.
754 2747 786 2798 F.
813 2747 840 2798 s.
871 2744 890 2796 1.
909 2746 944 2798 H.
966 2746 998 2796 K.
1014 2755 1044 2798 n.
1063 2755 1090 2798 r.
1110 2745 1143 2800 rt
1162 2749 1298 2803 dictatura

221 2883 253 2936 A.
281 2881 332 2947 (sio
357 2879 422 2931 Cod.
448 2879 508 2930 Por.
527 2879 592 2958 Reg.
619 2879 694 2932 7984.
713 2895 779 2931 saec.
798 2880 882 2947 XIV.)
903 2884 950 2934 rel.
970 2883 1131 2939 dictatorum.
1163 2879 1256 2931 Verba
1272 2899 1297 2938 a,

222 3031 247 3068 r.
266 3015 381 3080 retroque
398 3027 478 3077 usque
494 3012 527 3064 ad
540 3029 564 3065 v.
581 3014 637 3064 tulit
651 3013 770 3065 Persium
786 3029 879 3067 censeo
897 3030 930 3065 ex
948 3029 992 3063 ore
1003 3012 1077 3065 istius
1089 3019 1182 3080 poetae
1195 3014 1295 3094 dicere,

222 3163 299 3214 quem
318 3147 346 3198 in
371 3145 535 3211 sequentibus
558 3144 665 3196 deridet.
692 3148 754 3196 Cum
779 3163 831 3198 non
859 3145 992 3196 ferendum
1006 3151 1062 3212 eet,
1084 3147 1134 3200 nisi
1153 3151 1296 3218 aposiope-

219 3279 262 3330 eiu
281 3276 401 3329 statueris
418 3281 476 3342 post
493 3293 517 3332 v.
535 3278 601 3340 tulit,
618 3275 656 3328 sic
671 3275 873 3343 interpungere:

292 3412 362 3462 Unde
378 3411 472 3459 Itonos
490 3412 624 3477 „aaronque
641 3421 724 3465 terens
741 3415 854 3470 deritcdr'a
872 3413 971 3476 Quiiirtr'
979 3429 988 3471 ,·
1006 3411 1089 3480 (non).

209 3530 212 3536 ¹
291 3545 353 3595 Onne
373 3544 474 3610 trepido
493 3550 551 3594 orote
569 3543 641 3594 hoves
661 3545 807 3596 dictatorem
824 3548 907 3596 t'ndm‘t
926 3561 1001 3612 uuor,

290 3677 325 3728 Et
342 3683 386 3728 too
403 3683 496 3728 orntrn
516 3678 616 3728 domama
634 3679 707 3731 lictor
723 3679 799 3730 mter‘
817 3707 851 3718 -
866 3707 901 3718 -
918 3681 989 3744 Eupo
1009 3687 1102 3746 portu!
1118 3709 1153 3721 --

221 3811 289 3864 Nare
308 3826 382 3864 arare
402 3805 537 3864 Quinctius
554 3809 692 3875 nequibat,
710 3824 767 3860 oum
787 3825 852 3864 uxor
869 3819 966 3866 vestem
983 3814 1114 3868 dictatoris
1131 3821 1192 3867 ente
1209 3815 1294 3868 boves

223 3942 248 3996 ei
265 3941 400 4005 induebat,
424 3942 555 4008 multoque
579 3940 677 4008 minus,
705 3961 762 3998 oum
787 3953 872 4000 aratra
886 3949 1073 4002 auferebantur.
1101 3947 1133 4000 of.
1151 3963 1244 4000 censor
1265 3949 1293 3998 in

224 4075 287 4126 dier.
307 4073 425 4126 scholast.
443 4090 510 4128 men.
526 4074 607 4144 April.
622 4079 697 4132 18³3.
716 4080 778 4134 Noli
795 4098 852 4134 oum
869 4100 936 4138 noro
960 4084 1058 4136 editore
1077 4083 1160 4134 Plnm.
1179 4080 1292 4132 ualidius

224 4207 353 4274 recipere:
377 4207 453 4269 Quom
479 4207 559 4275 (oui!)
587 4212 739 4268 dictatorum
767 4217 847 4268 inoluit
870 4235 952 4284 unor3
977 4231 1087 4283 nempue
1103 4216 1147 4281 ite,
1166 4221 1291 4282 quantum
