2724 4726
740 423 835 466 xxxu

248 604 368 686 quippe
388 597 444 682 qul
467 617 533 664 non
553 596 769 674 dubitaverim
788 599 861 683 ipra
879 597 1128 671 libellludleotu
1146 605 1253 672 alteru
1271 608 1317 668 in

246 716 423 798 scriptione
451 715 597 784 indicare
624 725 659 778 et
686 713 853 799 profiteri,
872 720 1008 784 'vomeri
1029 718 1088 784 lum
1108 743 1201 788 meno
1219 745 1319 809 quae-

245 834 373 901 sooner
389 849 430 893 ec
445 830 588 915 fugitivo
618 833 689 898 iere
704 851 807 896 ,manu
833 833 1005 918 edmerum
1033 813 1321 906 adnotatiunculae

247 970 313 1021 non
333 949 369 1012 iu
386 967 497 1022 rerum
518 945 794 1034 praetermodum
814 945 984 1012 arduarum
1006 952 1234 1035 perfectione,
1265 953 1323 1018 sed

247 1075 368 1130 corratu
387 1065 524 1150 quodam
544 1072 666 1124 tautum
679 1058 800 1124 debere
815 1067 1012 1150 praevioque
1025 1064 1181 1150 periculo.
1202 1064 1326 1140 Quod-

248 1186 279 1248 si
300 1195 414 1250 contre
433 1200 514 1265 queo
529 1199 548 1238 e
568 1197 658 1261 penu
677 1199 752 1242 meo
772 1180 1025 1266 discrepantium
1039 1181 1219 1246 lectionum
1240 1203 1326 1265 opu·

249 1299 383 1364 lentiori
406 1299 590 1380 depromta,
626 1311 741 1382 arque,
769 1297 826 1362 ubi
846 1295 973 1365 ooloulo
994 1317 1068 1362 meo
1089 1296 1323 1383 qualicumque

250 1417 374 1478 adiecto
396 1412 503 1479 luceru
521 1411 648 1497 aliquot
666 1412 750 1478 locis
771 1414 950 1481 accendere
968 1413 1103 1492 tentavi,
1122 1412 1273 1478 delibuto
1287 1437 1321 1476 nc

247 1533 409 1616 disputate
429 1532 539 1594 auimo
557 1531 629 1595 veri
648 1530 879 1595 amantissime
893 1542 988 1612 runt,
1011 1551 1076 1594 nou
1097 1551 1238 1614 prorsus
1260 1533 1322 1593 ini·¹

246 1671 310 1736 que
333 1621 528 1717 arbitrorum
542 1647 635 1713 terre
659 1647 819 1728 suffugio
838 1649 1057 1715 intellexero:
1079 1650 1227 1716 omniurn
1242 1647 1317 1713 inde

246 1787 393 1846 meorum
408 1761 644 1848 huiusgeneris
653 1759 801 1827 laborum
815 1765 1318 1849 opinosissimorumpraeiudicii

246 1883 447 1968 aliquantum
455 1901 571 1964 capere
580 1881 771 1963 animosque
784 1883 1038 1954 excitanqomen
1049 1882 1180 1968 aliquod
1191 1881 1317 1946 licebit.

333 1996 692 2088 Verumtamen-pauca
713 1995 918 2104 haecomnia
945 2001 1035 2064 ocius
1063 1999 1236 2064 mensibus
1261 2020 1316 2065 sex

248 2136 343 2204 quum
364 2135 385 2180 o
409 2113 559 2181 Procride
578 2127 690 2222 nqstro
718 2115 882 2182 decretum
912 2115 1087 2202 aliquando
1110 2129 1208 2200 atque
1235 2113 1314 2202 opud

249 2255 309 2300 nos
332 2235 539 2301 constitutum
561 2246 651 2311 erut,
692 2234 739 2302 oio
767 2232 872 2300 literis
894 2247 929 2299 ut
951 2232 1156 2311 mundarem,
1193 2234 1338 2319 monuit¹

247 2354 404 2414 maturior
428 2349 590 2416 scribendi
619 2352 852 2434 opportunitas.
905 2351 991 2418 Hiuo
1022 2363 1072 2414 est
1101 2351 1314 2434 potissimum,

247 2466 334 2554 quod
352 2443 418 2531 nolr
441 2465 552 2534 dubito
575 2465 719 2550 nihilque
740 2461 866 2544 laboro,
885 2467 963 2552 quin
985 2469 1112 2534 veniam
1134 2468 1195 2532 eim
1217 2469 1316 2550 impe·

248 2595 517 2660 traturueeorum,
533 2605 666 2670 quorum
681 2564 917 2670 exspectationi
928 2607 992 2651 non
1002 2587 1132 2650 omniuo
1149 2585 1317 2650 satisfacc-

247 2722 283 2765 re
299 2711 445 2784 potuero.
476 2695 603 2786 Quippe
618 2702 727 2764 evenit
740 2721 841 2784 nuper
855 2702 1020 2786 provincio
1042 2699 1135 2766 nobie
1161 2697 1316 2766 invitandi
1336 2697 1337 2751 l

251 2821 383 2880 Tutores
407 2838 444 2880 ue
466 2815 644 2892 Patronus,
668 2815 829 2883 Fautores
851 2832 883 2880 et
904 2819 1034 2883 Amicos
1054 2816 1184 2888 scholae
1204 2821 1318 2882 iuven·

249 2935 388 3018 tutisque
411 2946 551 2996 nostrae.
598 2929 801 3017 Frequenter
821 2935 920 3020 igitur
941 2947 976 3000 ut
995 2934 1108 3002 adesse
1131 2934 1316 3020 dignemini,

244 3049 359 3142 VOS,
391 3047 484 3113 VlRl
519 3046 815 3128 NosslolsSIMI,
848 3048 1199 3128 luhvsrsslssuti,
1227 3048 1316 3114 SPE·

250 3163 516 3242 comissum,
538 3161 875 3229 COLLEGIORVM
897 3165 1137 3232 REGlORVM
1158 3155 1336 3230 PROCE·'

248 3281 333 3346 RES
371 3281 434 3348 ΕΤ
465 3279 621 3356 OMNES
658 3270 846 3344 OMNlVM
876 3279 1087 3348 ORDINVM
1108 3279 1221 3359 VIBI,
1264 3299 1315 3344 nec

249 3421 315 3465 uon
338 3400 428 3465 VOS
453 3403 643 3488 quicumque
665 3395 849 3462 educationi
872 3409 905 3462 et
925 3402 1123 3464 institutioni
1144 3399 1315 3462 iuventutis

250 3517 333 3583 bene
355 3521 509 3606 cupiatis,
532 3529 627 3600 etque
649 3525 704 3574 aut
725 3510 855 3594 publico
879 3517 1029 3598 quopiam
1053 3513 1103 3576 vel
1120 3516 1247 3598 privato
1268 3534 1316 3600 pa·

250 3638 387 3702 trocinio
411 3637 504 3700 nobis
526 3629 686 3696 coniuncti
706 3628 795 3691 sitis-t
822 3627 912 3692 VOS
934 3626 1087 3692 OMNES
1117 3641 1152 3693 ut
1171 3651 1315 3716 praesen·

250 3755 297 3816 tia
322 3751 495 3816 VESTRA
519 3767 657 3820 exornen
679 3756 825 3810 nostrum
847 3765 962 3809 ornare
984 3744 1199 3830 audiendique
1226 3746 1316 3809 bene-

250 3865 397 3936 volentia
418 3869 571 3934 adiuvare
593 3863 712 3942 velitis,
735 3882 859 3928 summo
882 3886 944 3949 qua
964 3885 1023 3948 par
1045 3876 1095 3926 est
1117 3863 1315 3928 observantia

252 3995 284 4047 ot
308 3981 415 4048 officio
438 4003 600 4072 rogamus.

296 4097 483 4169 Scribebam
515 4098 693 4166 Drosdae'
684 4098 764 4184 ipsis
785 4096 864 4160 idib.
888 4099 973 4183 Aug.
997 4091 1315 4162 MDCCCXXXlll

639 4279 916 4300 ...q—m·-
