2724 4726
604 389 689 456 27Ι

177 581 220 644 Et
248 619 288 633 -·
308 597 375 648 tua
401 597 508 648 aratra
536 585 666 648 domurn
692 583 786 646 lictor
817 581 929 646 lulit.“
958 619 993 631 -
1023 625 1060 636 -

470 751 563 836 Euge
585 767 698 836 poeta:
722 790 763 803 -—
1081 755 1157 844 [75]

181 918 242 980 Est
253 940 358 996 nuum,
379 917 513 1003 Brpsuei
534 939 628 1002 quem
651 939 792 981 venosus
816 917 899 980 iiiior
919 919 1008 998 Acci,
1119 935 1160 990 90

185 1083 286 1164 Sunt,
309 1105 390 1167 quos
412 1083 637 1168 Pacuviusque
660 1097 694 1147 et
715 1105 871 1148 r'erucosa
892 1100 1035 1150 nroretur

94 1281 305 1290 ..q-m...

87 1403 213 1471 equidem
231 1402 292 1466 scio,
310 1401 355 1452 illo
373 1415 438 1455 aero
451 1401 573 1468 nequibat
587 1402 666 1456 latine
678 1403 737 1456 dici.
773 1403 884 1470 Verbum
902 1405 1069 1472 dictaturam,
1091 1412 1159 1476 quod

86 1538 117 1588 in
134 1536 302 1589 vetutioribus
319 1534 404 1586 Persii
416 1533 498 1586 Codd.
515 1535 578 1587 Mss.
605 1536 687 1588 rarius
710 1535 832 1598 occurrit,
860 1532 903 1599 (ct
922 1537 1024 1589 Weber.
1040 1540 1073 1589 ad
1090 1539 1115 1592 h.
1135 1543 1161 1604 l.‚

90 1669 220 1735 originem
245 1671 340 1721 debere
365 1669 466 1722 videtur
493 1671 595 1732 glossae
610 1668 665 1719 illi:
692 1705 707 1733 ,‚
716 1667 875 1734 imperialem
893 1675 990 1721 vestem
998 1669 1014 1695 “
1033 1669 1076 1734 (cf.
1095 1671 1159 1722 Cod.

88 1803 221 1870 Monac),
240 1802 350 1872 quaein
370 1802 468 1869 aliquot
488 1807 550 1853 vett.
568 1801 640 1854 libris
661 1800 701 1867 (ut
716 1801 742 1853 in
762 1802 887 1854 Beruensi
904 1800 962 1868 illo)
981 1802 1041 1854 data
1058 1808 1097 1855 est
1114 1819 1162 1855 vo-

89 1937 115 1988 ci
135 1939 290 1989 dictatorern.
333 1937 410 1998 clun„
434 1936 501 2002 quod
523 1940 609 1984 natum
630 1935 695 1986 duco
714 1951 747 1986 ex
764 1936 914 2002 conrpendio
933 1936 1003 1988 vocis
1021 1953 1099 2003 qrtcnt,
1114 1953 1161 1988 ex-

88 2073 142 2121 stat
163 2069 191 2121 in
209 2069 298 2134 paucis
316 2069 398 2120 Colo.
417 2069 597 2134 vetustioribus
612 2075 640 2147 nt
655 2071 713 2120 Par.
732 2070 798 2135 Reg.
815 2072 882 2123 8272
903 2075 929 2122 et
946 2031 1071 2123 Bernensi
1088 2087 1165 2138 supra

88 2167 248 2268 memorato,
277 2203 322 2270 qui
342 2219 419 2256 versu
440 2220 492 2270 seq.
511 2202 622 2268 repetita
651 2203 685 2252 Et
705 2220 760 2252 cum
778 2208 862 2252 aratra
884 2203 952 2253 dom.
971 2206 1103 2271 Scriptura
1122 2205 1164 2256 Si-

90 2337 166 2390 donii
188 2337 344 2404 Apollinaris
372 2339 431 2401 Vll,
461 2334 527 2390 384:
553 2340 696 2401 „veterem
721 2335 834 2403 (corrige
863 2341 940 2389 valeri
956 2337 1059 2400 troico,
1080 2352 1164 2402 neque

91 2473 200 2526 Gallico
217 2489 285 2526 saec.
304 2471 385 2541 quinti
409 2471 527 2539 scriptori
550 2471 616 2522 lrnnc
635 2488 708 2524 usum
726 2471 885 2535 condonans)
908 2487 962 2521 cum
978 2477 1003 2520 te
1021 2467 1079 2534 (aut
1098 2485 1164 2519 corr.

89 2602 233 2672 uzali)
250 2607 330 2660 induit
348 2624 415 2659 taxer
435 2614 493 2658 ante
509 2605 581 2656 lours
598 2605 714 2656 trabeam
731 2605 932 2670 dictatoremque
950 2601 1066 2666 salignae
1086 2618 1164 2652 exce-

90 2755 157 2807 pere
176 2738 284 2805 sores“‚
305 2753 357 2791 non
375 2743 433 2807 plus
450 2738 525 2790 affert
541 2737 675 2804 praesidii,
694 2755 770 2805 quam
787 2735 913 2788 Martialis
930 2738 1002 2788 loeus
1020 2735 1077 2799 Xll,
1094 2732 1118 2800 4,
1137 2736 1162 2787 2.

91 2873 131 2940 ei,
156 2872 200 2940 qui
221 2873 312 2925 Horat.
335 2871 376 2923 od.
394 2873 416 2935 I,
432 2873 456 2934 l,
478 2872 502 2922 1.
521 2877 620 2945 nutare
648 2879 791 2925 conaretur.

129 3024 166 3074 Et
182 3039 230 3074 san
248 3030 341 3086 qratro
358 3023 388 3074 L.
429 3019 432 3028 '
452 3063 460 3072 ,

162 3190 188 3226 v.
205 3171 249 3226 90.
282 3171 411 3236 lrpseiB.
429 3171 456 3226 S,
474 3170 505 3224 Ε.
524 3173 558 3226 H.
576 3174 615 3228 M.
631 3175 664 3228 K.
683 3177 717 3228 Τ.
736 3177 768 3230 Q.
787 3169 865 3224 Χ.Δ.
882 3181 909 3224 u.
926 3188 951 3237 γ.
985 3170 1061 3224 tusci·
1077 3168 1109 3222 A.
1125 3169 1165 3224 G.

93 3311 128 3362 Ο.
155 3313 181 3364 2.
207 3307 273 3358 treet
293 3304 327 3355 N.
348 3307 395 3356 rel.
412 3305 512 3371 lrysnci
534 3313 561 3360 ct
586 3308 687 3374 brissei,
705 3309 850 3374 promiscue
868 3325 901 3360 ex
918 3323 992 3359 more
1007 3309 1059 3359 vet.
1099 3307 1163 3356 Est:

91 3460 162 3496 omno
191 3443 273 3508 lrpser'
296 3440 328 3490 F.
371 3438 502 3492 Datendas
520 3457 579 3506 cum
596 3441 707 3494 Webero
726 3448 752 3494 et
776 3441 878 3494 Plumio
894 3443 1000 3509 probam
1018 3440 1076 3490 leat.
1095 3438 1164 3500 vulg.

92 3580 130 3631 ab
160 3575 295 3651 ingeniosa
317 3568 436 3642 Sooppae
459 3575 606 3628 coniectura
623 3581 662 3629 tot
684 3575 811 3644 tantisque
829 3575 890 3629 viris
915 3578 1032 3639 accepta:
1051 3574 1165 3623 Briseis

93 3727 119 3780 q.
139 3724 245 3762 carosus
269 3708 331 3760 liber
358 3707 421 3775 (sio)
437 3708 485 3774 A„
511 3724 578 3776 qnae
600 3725 685 3776 neque
704 3712 871 3776 comprobata
890 3713 930 3762 est
947 3723 995 3760 nec
1012 3702 1165 3758 testimoniis

95 3840 183 3894 Codd.
213 3841 277 3894 Mss.
300 3841 458 3896 confirmata.
496 3841 589 3909 Neque
615 3841 694 3896 etiam
712 3843 805 3902 video,
828 3859 873 3895 cur
889 3841 987 3892 librarii
1004 3839 1166 3892 notissimum

92 3973 163 4028 illud
179 3988 274 4026 nomen
288 3975 444 4036 mutaverint
460 3980 487 4028 et
502 3975 647 4030 inusitatius
672 3975 851 4041 difficiliusque
876 3971 1009 4038 posuerint
1026 3969 1166 4034 epitheton,

133 4111 194 4160 actii
211 4109 245 4160 N.
271 4113 335 4162 accii
351 4112 383 4162 A.
399 4112 430 4165 L.
452 4112 500 4164 rel.
517 4115 579 4164 acci.
607 4125 738 4164 verruwso
755 4109 788 4158 A.
811 4113 835 4158 et
848 4121 909 4172 quos
931 4122 1052 4158 voracosn
1068 4105 1100 4156 E.
1125 4118 1167 4154 ve-

94 4259 193 4303 musa
209 4246 240 4298 R.
260 4247 290 4299 Β.
310 4246 337 4300 S.
355 4250 377 4302 l.
394 4256 423 4300 r.
434 4244 472 4300 A·
491 4263 515 4304 a.
530 4249 556 4312 β.
575 4262 599 4316 7.
617 4251 647 4296 cl·
658 4255 753 4297 canuc.
766 4243 813 4296 rel.
827 4243 934 4298 Parcae.
949 4246 970 4296 1.
986 4243 1167 4309 praesulesque:
