2724 4726
246 1285 320 1370 iios,
338 1302 457 1372 iuquam,
485 1297 545 1373 apte
574 1303 684 1358 dixerim
713 1305 746 1356 de
768 1305 988 1372 emendationibus
1014 1311 1149 1380 nostriset

291 1389 461 1456 'coniectoris3
480 1407 543 1458 quas
560 1395 683 1456 spernunt
699 1389 773 1442 multi
791 1396 913 1456 repertas,
931 1395 1024 1444 sudent
1041 1400 1148 1450 multum

207 1492 210 1498 ·
289 1474 316 1524 in
345 1473 514 1548 reperiendis
555 1473 612 1524 Nec
635 1479 722 1526 tanuen
745 1483 850 1540 operam
873 1475 950 1527 istam
969 1476 1046 1528 nimis
1069 1480 1147 1533 etiam

287 1557 407 1610 vendito:
429 1557 476 1624 (ad
492 1557 591 1610 maiora
608 1557 735 1625 quaedam
753 1557 780 1611 et
794 1559 886 1612 altiora
899 1575 963 1613 voco
978 1559 1146 1629 iuventutem

290 1649 317 1694 et
338 1643 369 1694 ad
388 1643 538 1708 Sapientiae
555 1641 639 1712 ipsum
660 1643 779 1707 collemtr
807 1643 853 1696 sed
873 1643 962 1694 utilem
978 1647 1077 1699 tantum
1095 1650 1148 1699 ‘eta-

288 1741 348 1786 moi
376 1732 402 1778 et
419 1723 487 1778 inter
506 1724 665 1778 necessarios
681 1725 814 1778 doctrinae
831 1729 975 1792 apparatus.

599 1827 662 1877 dost.
681 1829 787 1892 Lipsius
803 1826 886 1893 linaei.
906 1843 967 1893 opp.
984 1807 1049 1880 critt.

77 2039 168 2140 Non
199 2086 251 2137 est
279 2075 365 2162 quod
393 2061 568 2154 miremur,
597 2079 707 2140 varias
735 2079 768 2136 et
789 2087 1024 2158 saepenumero
1047 2077 1145 2160 plane

77 2189 142 2257 sibi
169 2193 338 2274 oppositas
366 2205 402 2256 ut
431 2177 465 2255 in
494 2206 619 2280 quaqtte
649 2197 696 2256 ita
717 2193 866 2275 inprimis
886 2193 921 2252 in
942 2195 1054 2254 critica
1075 2207 1144 2258 arte

75 2307 195 2370 tentari
212 2307 284 2370 vias
306 2309 346 2374 ab
365 2309 565 2390 hominibus,
582 2308 699 2396 quibus
720 2307 760 2371 ob
777 2309 925 2391 insignes
944 2309 1071 2392 ingenii
1089 2315 1146 2374 dn·

75 2435 125 2484 tes
159 2443 225 2485 non
257 2409 365 2490 minus
395 2437 491 2513 quain
522 2427 563 2490 ob
582 2429 776 2493 immensam
796 2437 965 2488 accuratae
989 2427 1145 2490 eruditio-

75 2540 127 2600 nis
159 2541 287 2623 oopiam
316 2546 564 2607 uenerationem
590 2544 752 2626 denegare
783 2551 929 2602 nostram
961 2530 1144 2625 nequimus,

75 2675 227 2740 quosque,
257 2661 318 2722 nec
346 2647 495 2722 veritatis
525 2678 634 2722 amore
659 2669 693 2720 et
713 2656 820 2720 studio
844 2657 955 2717 carere
979 2663 1039 2720 trec
1061 2659 1144 2720 iudi·

75 2775 119 2836 cii
141 2777 380 2838 exercitatione
401 2789 435 2838 ot
457 2775 624 2859 elegantia
645 2769 741 2838 nobis
756 2766 990 2857 persuasimus.
1034 2771 1142 2838 Nimis

73 2907 146 2952 rum
162 2897 220 2954 sua
239 2894 374 2977 quisque
392 2905 448 2955 aut
465 2892 700 2956 consuetudine
721 2892 927 2977 potissimum
943 2887 1000 2954 arft
1014 2895 1143 2976 opinio-

74 3027 115 3068 ne
142 3005 290 3082 trahitur;
311 3007 465 3092 permulti
486 3012 585 3072 etiam
610 2993 830 3070 subsidiorum
846 3010 1062 3068 vetustiorum
1083 3030 1142 3093 pe·

74 3125 169 3186 inuria
190 3123 342 3188 laborant
363 3132 539 3210 eorumque
555 3127 624 3189 sive
640 3123 944 3208 ignorantpretium
963 3123 1032 3185 sive
1045 3145 1140 3189 usum
1196 3205 1201 3214 .

73 3234 257 3322 repudiant.
302 3241 351 3306 Ao
375 3243 514 3326 primum
538 3235 669 3329 quidem
693 3239 892 3306 consuetudo
909 3252 1060 3324 magnam
1077 3248 1142 3309 uti-

75 3379 138 3442 que
169 3359 258 3420 inre
282 3359 395 3420 critica
412 3360 480 3422 rim
503 3361 654 3427 exercuit
674 3355 834 3440 hodieque
855 3371 1005 3421 exerceri
1047 3343 1141 3426 Altos

72 3495 146 3537 rum
180 3476 268 3537 enim
300 3474 436 3538 alterius
464 3478 529 3539 riri
559 3471 800 3564 uptptnmro'aov'
830 3475 971 3558 vestigia
990 3496 1140 3561 premere

70 3592 241 3671 videmus,
269 3591 407 3656 alterum
437 3593 572 3658 alterius
593 3603 768 3676 praecepta
790 3607 862 3654 cum
884 3612 980 3656 caeca
1003 3598 1140 3661 admira-⁶

72 3711 164 3772 tione
187 3712 353 3794 accipere,
385 3713 500 3796 cupide
524 3709 703 3790 imbibere,
725 3707 882 3792 religiose
904 3715 987 3776 tueri
1009 3727 1041 3775 et
1065 3737 1138 3778 cum

71 3831 128 3911 pia
151 3829 287 3912 quadam
306 3826 370 3890 fide
393 3828 566 3910 adhibere,
588 3828 707 3892 nedum
728 3811 847 3891 blanda
868 3839 900 3889 et
922 3829 1036 3891 servili
1057 3832 1138 3894 adeo

73 3947 258 4010 constantia
274 3958 307 4007 et
325 3943 544 4010 obstinatione
557 3945 723 4030 (videlicet
738 3947 938 4030 neutiquam,
956 3951 1139 4030 quominusa

74 4086 140 4148 quo
163 4066 299 4149 quisque
320 4061 419 4140 votet,
442 4065 572 4126 nomine
595 4061 758 4149 appellet,
778 4063 947 4147 impedio),
970 4085 1007 4126 ac
1030 4065 1060 4126 si
1081 4063 1139 4126 ho-

69 4182 178 4244 mines
200 4179 319 4267 eruditi
340 4179 500 4244 formulae
523 4180 658 4266 collegii
681 4179 835 4264 opificum
863 4177 1001 4244 alieuius
1023 4179 1140 4242 adstri-

67 4297 111 4358 cti
136 4315 223 4370 esse‚
257 4310 311 4358 aut
330 4299 421 4382 ipsae
441 4297 558 4361 literae
578 4297 723 4362 submitti
739 4295 801 4358 ulli
812 4295 882 4380 legi
894 4305 1030 4379 possent
1043 4311 1141 4373 prae·

906 4431 926 4471 a
