2724 4726
569 457 624 534 aa„

156 654 229 726 Non
251 655 322 742 hio,
346 653 455 745 quiin
476 652 624 740 crepidas
640 639 812 716 Graiorum
831 641 943 712 ludere
966 656 1065 736 gestit

71 989 173 1040 Weber.
192 987 219 1038 in
238 987 264 1038 h.
283 987 300 1039 l.
320 983 423 1037 omnino
442 991 498 1034 oum
517 978 557 1031 his
574 974 683 1040 saciant,
702 971 790 1023 eontra
808 987 898 1024 censor
921 971 948 1024 in
971 974 1075 1040 ephem.
1095 979 1135 1032 Ie.

72 1135 145 1171 nens.
163 1135 187 1170 a.
206 1119 282 1171 1822.
304 1136 329 1172 n.
346 1119 406 1174 198.
424 1133 479 1168 nrm
500 1117 607 1177 Fontio,
625 1110 669 1178 qui
683 1109 720 1161 ita
738 1104 858 1172 exponit:
885 1121 961 1173 „qua
982 1108 1035 1161 mei
1053 1114 1137 1178 operis

69 1253 182 1306 lectione
202 1253 335 1305 erubescat
353 1254 434 1303 lector
451 1247 506 1301 eius
524 1261 540 1296 a
557 1259 599 1294 me
617 1255 679 1293 aure
698 1236 851 1305 vaporata!<
867 1237 928 1290 Non
943 1243 1064 1298 audiendi
1081 1254 1139 1301 sunt

72 1403 158 1458 neque
186 1387 341 1451 Ferrarius,
369 1383 413 1451 qni
438 1387 507 1434 certe
531 1391 633 1428 sensum
653 1388 742 1424 sanum
757 1372 868 1424 indicat:
892 1391 953 1440 „ex
978 1394 1028 1444 quo
1044 1381 1140 1448 scripto

72 1521 138 1590 (sio)
162 1522 265 1586 illorum
292 1506 412 1569 accensus
430 1513 524 1576 veniat,
543 1509 586 1576 qui
609 1510 664 1561 vult
690 1516 749 1560 mea
773 1507 886 1560 carmina
910 1512 1033 1575 legere.“
1057 1531 1142 1584 nequa
1175 1572 1177 1574 ,

73 1659 116 1708 1ο.
138 1651 318 1705 Britannicus&
337 1660 454 1714 „sensus
470 1649 524 1697 est:
541 1642 677 1694 videnum
700 1643 752 1704 „lu
767 1645 827 1693 'naeu
851 1643 932 1694 libello
953 1642 1049 1710 aliquid
1069 1648 1144 1703 inve-

72 1791 133 1844 nias
159 1789 235 1852 boni,
268 1802 302 1838 ex
325 1801 376 1853 quo
399 1785 480 1834 lector
510 1779 570 1830 arilli
587 1775 748 1839 concilietur,
774 1781 801 1828 et
816 1775 957 1829 ferventior
971 1779 1018 1833 bat
1034 1783 1067 1834 ad
1085 1801 1144 1837 mea

71 1923 173 1990 scripta
193 1895 314 1984 legenda.
350 1916 538 1968 Modestissime
562 1909 623 1978 (sic)
648 1912 725 1976 poeta
752 1909 865 1962 declarat
891 1927 955 1978 opus
981 1929 1055 1966 suum
1079 1917 1142 1970 utile

69 2055 142 2110 sore.
153 2054 171 2082 “
190 2053 256 2104 Illud
272 2047 404 2102 iudicium:
423 2049 509 2113 ‚parde
525 2045 663 2110 legendum
681 2047 734 2108 est,
756 2060 808 2095 non
822 2044 915 2106 ,landef‘
933 2061 967 2097 ex
983 2047 1098 2102 Britann.
1115 2051 1143 2104 in

70 2186 194 2243 Ferrarii
208 2184 267 2237 edil.-
286 2187 315 2234 ut
331 2181 476 2234 sexcenties
493 2179 556 2232 alibi
570 2181 725 2233 verbotenus
742 2165 851 2232 transiit·
888 2181 1026 2252 Caeterum
1038 2201 1072 2236 ex
1082 2185 1144 2241 h0v.

69 2325 208 2376 illustrare
237 2318 302 2370 velis
323 2312 499 2365 difficillimum
527 2312 600 2364 illum
616 2308 781 2363 novissimum
806 2311 881 2364 huius
905 2312 1008 2368 satirae.
1044 2319 1145 2386 Talem,

70 2453 176 2524 inquit,
196 2455 318 2505 lectorem
333 2447 423 2516 cupio,
452 2464 504 2501 non
526 2464 589 2502 vero
618 2444 749 2497 sordidum
770 2442 925 2511 (pannosum
955 2447 1009 2503 Iuv.
1026 2451 1066 2517 X,
1085 2455 1134 2508 101

72 2588 114 2641 oo
133 2586 281 2658 φιλόκαλον.
300 2583 366 2637 conf.
387 2583 452 2634 Hor.
471 2581 555 2648 epistt.
574 2586 599 2646 l,
617 2583 660 2646 17,
678 2577 719 2631 25.
740 2579 793 2646 32.)
812 2541 947 2646 municipii
963 2583 1069 2637 minoris
1085 2547 1147 2640 olim

71 2721 195 2776 aedilem
211 2720 228 2772 i.
239 2736 261 2772 e.
279 2719 408 2771 hominem
419 2715 577 2769 inconditum
594 2719 621 2766 et
639 2713 759 2766 hebetem
775 2731 873 2782 suaque
891 2719 989 2766 tantum
1007 2724 1146 2786 curantem,

71 2837 128 2928 qui
147 2853 279 2907 consuevit
295 2869 342 2920 per
361 2852 445 2904 forum
459 2850 591 2901 ambulans
608 2845 803 2900 transmarinam
819 2863 930 2900 mercem
951 2849 1028 2915 (nour
1047 2851 1152 2904 cothur-

72 3007 144 3043 num
164 2985 356 3052 tragoedorum)
374 2985 485 3038 ludibrio
503 2983 600 3036 habere
615 2989 642 3035 et
661 2982 799 3035 exdecreto
816 2983 849 3035 de
870 2999 989 3035 mensura
1004 2984 1045 3036 ius
1064 2987 1152 3040 dicens

71 3120 210 3178 severiori
228 3116 333 3185 negotio
348 3123 438 3170 notare
452 3115 786 3170 fraudulentosnenditores
804 3079 943 3185 eorumque
961 3134 1041 3182 „rasa
1055 3118 1155 3173 minora
1176 3108 1179 3119 ¹

72 3259 207 3320 frangere
219 3253 238 3280 “
263 3250 391 3320 (conseras
409 3261 467 3304 oum
491 3251 638 3306 Britannico
656 3251 710 3305 lun.
727 3254 744 3303 l.
755 3241 814 3321 1.),
834 3269 918 3320 neque
940 3252 1021 3306 etiam
1036 3271 1095 3308 eum
1115 3257 1156 3310 ci-

74 3403 147 3442 vem
164 3383 315 3451 Romanum,
335 3385 379 3452 qui
395 3383 573 3454 philosophiae
590 3383 702 3437 studium
720 3383 824 3436 damnat
838 3383 944 3452 eiusque
960 3388 1096 3454 magistros
1109 3391 1157 3443 ha-

70 3522 132 3573 bet
149 3515 253 3582 irrisos3
279 3518 318 3570 bis
342 3535 416 3570 mune
433 3519 547 3586 rellatum,
566 3536 594 3588 p.-
609 3537 635 3588 p.
654 3518 685 3572 G.
703 3518 729 3572 d.
740 3516 807 3570 -vide
825 3517 873 3573 infc
891 3520 968 3572 mibi:
985 3521 1052 3586 sera.—
1069 3524 1102 3579 D.

159 3702 184 3738 v.
204 3682 262 3736 141.
283 3688 325 3752 qui
341 3701 407 3753 orep·
434 3684 498 3753 (dela
516 3685 554 3754 la)
583 3687 615 3740 F,
636 3687 669 3738 H.
689 3687 720 3740 E.
740 3688 767 3738 S.
801 3665 896 3754 irrmup.
914 3687 945 3741 P.
963 3685 994 3738 V.
1017 3704 1041 3755 ρ.
1075 3690 1161 3743 ludere

65 3829 160 3892 qesta
181 3835 208 3886 ρ.
231 3821 325 3871 cisum
342 3821 409 3872 lasce
424 3821 455 3872 R.
474 3821 506 3872 D.
527 3821 558 3873 K.
581 3822 600 3872 Ι.
620 3823 701 3872 luscus
723 3817 769 3889 (of.
788 3818 911 3888 casaub.)
930 3819 958 3872 in
979 3822 1050 3873 nullo
1076 3820 1159 3877 Cudd.

69 3957 220 4018 Mssurum
238 3967 361 4004 meomm.
394 3953 491 4006 Luscus
508 3951 534 4005 ln
551 3955 570 4006 l.
589 3951 653 4004 mihi
674 3969 726 4005 non
757 3959 797 4008 est
823 3951 1039 4022 μονόφθαλμος,
1065 3951 1160 4028 daupei.

70 4084 229 4166 queatpm,
249 4085 295 4136 sed
312 4084 342 4148 is,
361 4085 404 4153 qui
422 4088 530 4138 altemm
551 4082 705 4151 (sinislnnn)
723 4088 824 4138 oculum
844 4087 984 4141 clausit-
1001 4107 1064 4158 prae
1089 4083 1160 4146 m'etu

67 4213 240 4273 accedentis
265 4215 382 4281 „aedilis
403 4215 546 4282 fastidiosi,
560 4219 577 4246 “
606 4219 650 4286 qui
673 4217 696 4271 si
721 4233 787 4286 quae
810 4219 943 4288 improbae
968 4229 1028 4276 sunt
1053 4241 1160 4292 merces,

60 4353 169 4408 iactat
187 4350 299 4401 omnes“
318 4349 367 4418 (sio
387 4349 471 4402 Plaut.
491 4352 557 4406 Rud.
577 4355 609 4420 ll,
627 4355 651 4418 3,
670 4353 724 4418 43.)
735 4391 743 4418 ,
762 4357 803 4408 vel
820 4355 843 4408 is
850 4394 858 4421 ,
880 4355 951 4410 cuins
969 4393 986 4422 „
995 4357 1159 4424 supercilium
